2372 3918
356 321 375 350 1
387 303 444 350 58
1026 303 1074 346 C.
1114 304 1404 349 SUETONII

353 408 488 481 lam,
522 426 684 484 quem
717 426 899 463 senem
934 406 1247 464 adolescens
1277 408 1669 464 observaverat.
1711 405 1817 462 Sed
1854 405 2067 463 affecta-

357 509 504 564 tione
525 518 580 562 et
602 507 921 564 morositate
938 507 1104 563 nimia
1122 507 1447 564 obscurabat
1464 505 1649 562 stilum
1670 527 1681 561 :
1708 516 1768 562 ut
1789 504 2067 582 aliquanto

286 607 289 609 ’
354 627 418 663 ex
453 618 724 685 tempore,
750 626 914 684 quam
944 627 976 661 a
998 627 1154 678 cura,
1185 608 1532 685 praestantior
1554 606 1865 662 haberetur.
1903 609 2068 663 Com-

356 707 541 784 posuit
564 719 618 762 et
646 726 865 762 carmen
888 704 1151 783 lyricum,
1182 707 1338 784 cujus
1374 719 1456 762 est
1492 705 1711 777 titulu5,
1746 707 2071 784 Conquestio

354 805 425 863 de
449 809 516 863 L.
547 805 788 862 Coesaris
816 816 1003 862 morte.
1041 806 1193 862 Fecit
1225 818 1281 862 et
1311 826 1483 884 graeca
1518 818 1797 883 poemata,
1829 805 2071 860 imitatus

357 907 772 983 Euphorionem
787 949 803 978 ,
834 917 890 962 et
912 906 1217 979 Rhianum,
1239 918 1294 962 et
1312 905 1699 979 Parthenium,
1730 905 1928 982 quibus
1943 925 2071 981 poe·

360 1007 427 1061 tis
457 1004 752 1061 admodum
782 1004 1107 1078 delectatUS,
1135 1007 1336 1083 scripta
1370 1026 1561 1061 eorum
1592 1018 1648 1062 et
1678 1007 1940 1083 imagines
1969 1026 2071 1081 pu-

356 1104 514 1161 blicis
543 1104 887 1162 bibliothecis
911 1107 1053 1161 inter
1073 1118 1282 1162 veteres
1306 1117 1360 1161 et
1382 1108 1683 1184 praecipuos
1707 1118 1956 1161 auctores
1983 1104 2074 1159 de-

360 1205 567 1261 dicavit
592 1227 605 1262 :
632 1218 685 1262 et
715 1206 784 1261 ob
813 1206 920 1263 hoc
948 1205 1194 1283 plerique
1220 1206 1563 1263 eruditorum
1583 1208 1831 1262 certatim
1857 1205 1925 1261 ad
1950 1225 2075 1260 eum

358 1303 534 1360 multa
559 1304 627 1360 de
654 1306 740 1360 his
769 1305 1075 1361 ediderunt.
1103 1307 1343 1361 Maxime
1373 1316 1557 1361 tamen
1584 1307 1798 1362 curavit
1824 1305 2077 1360 notitiam

360 1403 600 1460 historiae
624 1402 913 1477 fabulariS,
940 1425 1110 1481 usque
1130 1404 1199 1460 ad
1215 1405 1448 1482 ineptias
1473 1417 1637 1481 atque
1661 1404 1917 1460 derisum.
1936 1405 2079 1460 Nam

362 1515 415 1559 et
434 1504 818 1580 grammaticos
831 1546 846 1576 ,
860 1502 1012 1580 quod
1031 1524 1203 1582 genus
1218 1504 1508 1560 hominum
1535 1506 1836 1582 praecipue,
1863 1516 1927 1559 ut
1944 1503 2081 1558 dixi-

362 1624 513 1673 mus,
548 1604 862 1682 appetebat,
898 1604 1165 1681 ejusmodi
1198 1603 1310 1660 fere
1342 1605 1734 1682 quaestionibus
1772 1604 2083 1681 experieba-

368 1716 459 1760 tur
486 1726 498 1759 :
535 1705 714 1777 «Quae
745 1716 919 1761 mater
951 1705 1187 1761 Hecubae
1221 1727 1236 1762 ε
1267 1704 1436 1779 Quod
1473 1704 1673 1764 Achilli
1706 1726 1905 1761 nomen
1944 1705 2086 1759 inter

366 1805 608 1882 virgines
641 1803 832 1861 fuisset
862 1825 875 1861 z
905 1804 1058 1877 Quid
1090 1806 1307 1862 Sirenes
1338 1817 1562 1862 cantare
1594 1807 1701 1861 sint
1734 1801 1938 1860 solitae?
1957 1828 1983 1856 »
2013 1806 2086 1859 Et

369 1925 479 1980 quo
508 1906 749 1982 primum
774 1903 894 1977 die,
926 1917 1052 1982 post
1083 1925 1362 1961 excessum
1393 1906 1657 1983 Augusti,
1682 1905 1889 1960 curiam
1921 1904 2088 1958 intra-

369 2005 480 2076 vit3
516 2007 671 2082 quasi
692 2005 885 2083 pietati
903 2003 1065 2060 simul
1087 2025 1150 2061 ac
1178 2004 1432 2083 religioni
1459 2005 1858 2075 satisfacturUS,
1885 2004 2087 2059 Minois

371 2103 651 2182 exemp10,
688 2106 851 2161 thure
888 2105 1110 2181 quidem
1151 2126 1214 2161 ac
1251 2107 1415 2177 vino,
1450 2125 1643 2167 verum
1679 2106 1797 2160 sine
1836 2104 2086 2174 tibicine,

372 2204 733 2282 supplicavit,
768 2217 830 2260 ut
862 2204 952 2261 ille
978 2204 1109 2261 olim
1141 2207 1198 2260 in
1231 2218 1408 2261 morte
1439 2204 1552 2261 filii.

450 2308 653 2362 LXXI.
699 2307 962 2361 Sermone
998 2312 1564 2383 grae00,'quamquam
1595 2304 1727 2361 alias
1763 2318 2011 2382 promtus
2039 2317 2094 2360 et

372 2402 569 2477 facilis,
602 2427 716 2461 non
759 2417 945 2461 tamen
979 2427 1372 2483 usquequaque
1412 2427 1543 2462 usus
1577 2418 1686 2477 est,
1723 2407 2094 2482 abstinuitque

372 2506 605 2561 maxime
634 2506 691 2560 in
722 2517 941 2577 senatu,
978 2505 1113 2561 adeo
1146 2506 1396 2580 quidem,
1427 2519 1489 2561 ut
1522 2506 1888 2585 monopolium
1918 2506 2096 2560 nomi-

373 2617 630 2676 naturuS,
661 2605 816 2681 prius
846 2605 1062 2660 veniam
1090 2604 1416 2682 postularit,
1443 2606 1591 2683 quod
1621 2606 1723 2662 sibi
1746 2607 1913 2662 verbo
1942 2625 2095 2682 pere-

378 2706 538 2782 grino
578 2704 847 2760 utendum
888 2716 1043 2760 esset.
1081 2708 1265 2782 Atque
1303 2708 1466 2762 etiam
1505 2709 1563 2762 in
1600 2707 1840 2784 quodam
1877 2705 2097 2762 decreto

377 2815 596 2880 patrum
614 2846 630 2874 ,
657 2825 829 2881 quum
853 2796 1120 2880 ἐμβλημα
1141 2807 1482 2880 recitaretur,
1510 2806 1959 2881 commutandam
1977 2826 2100 2862 cen-

380 2903 491 2958 suit
522 2924 741 2994 vocem,
790 2917 844 2961 et
877 2926 978 2993 pro
1016 2909 1308 2985 peregrina
1347 2920 1650 2964 nostratem
1685 2893 2098 2984 requirendam,

380 3016 508 3074 aut,
543 3007 587 3061 si
624 2992 736 3061 non
769 3009 1126 3083 reperiretur,
1166 3007 1254 3063 vel
1291 3008 1568 3085 pluribus,
1608 3022 1661 3064 et
1696 3030 1795 3086 per
1835 3007 2100 3064 ambitum

382 3099 711 3179 verborum,
755 3128 873 3163 rem
919 3108 1337 3163 enunciandam.
1384 3108 1619 3164 Militem
1669 3120 1888 3185 quoque
1930 3126 2102 3183 graece

384 3205 757 3261 testimonium
786 3207 1212 3284 interrogatum,
1241 3208 1344 3263 nisi
1362 3206 1529 3264 latine
1554 3207 1884 3284 respondere
1908 3205 2099 3259 vetuit.

468 3305 698 3360 LXXII.
745 3306 835 3361 Bis
872 3309 1098 3362 omnino
1135 3319 1252 3363 toto
1283 3328 1518 3363 secessus
1555 3321 1832 3384 tempore,
1870 3308 2101 3364 Romam
