2372 3918
385 387 388 392 ¹
444 401 531 448 244
1204 394 1391 438 NOTAE

511 472 739 548 Obsequii.
768 488 872 533 Hoc
897 486 1035 532 docet
1056 487 1217 544 Philo,
1248 489 1356 547 Leg.
1384 488 1453 531 ad
1485 486 1648 531 Caium
1666 519 1680 539 ,
1714 500 1759 545 p.
1796 500 1887 545 997
1916 501 1927 529 :
1952 484 1988 534 A
2021 490 2144 534 παντὶ

440 572 565 612 σθένει
594 570 704 613 κατὰ
731 570 776 612 τὲ
799 575 975 626 παρῆκον
1001 571 1020 612 ὁ
1047 570 1221 626 Μάκρων
1261 570 1470 625 ἐθεράπευε
1486 601 1497 619 ,
1531 569 1604 618 τὰς
1635 569 1704 625 μὲν
1730 570 1915 617 ὑπονοίας
1937 573 2005 611 τοῦ
2028 566 2145 609 Tegn-

438 648 541 701 ρίου,
563 646 631 689 καὶ
657 648 693 689 έν
719 640 770 695 οἷς
793 647 973 703 μάλιστα
997 642 1127 688 ἐδόκει
1147 646 1218 692 τὴν
1245 641 1425 687 διάνοιαν
1446 647 1676 695 incusem,
1699 640 1773 686 διὰ
1787 644 1853 686 τὸν
1881 645 2049 690 ἄληκτον
2079 643 2144 684 ἐπὶ

438 729 493 779 τῷ
516 723 640 780 υἱωνῷ
664 720 796 780 φόὲον,
822 722 1045 779 ἐξιώμενος·
1073 724 1199 763 εὔνουν
1224 721 1299 778 γὰρ
1324 720 1394 763 καὶ
1420 722 1674 778 πειθαρχικὸν
1699 721 1894 776 ἀπέφαινε
1920 721 1981 762 τὸν
2012 720 2143 762 Γάῖον.

506 793 702 835 Dictum.
738 793 780 836 Α
811 790 1027 836 Passieno
1053 799 1265 846 oratore,
1289 805 1346 834 ex
1374 789 1519 834 Tacit.
1552 791 1723 833 Annal.
1741 821 1755 842 ,
1788 804 1864 845 vr,
1890 803 1966 833 20.

505 868 612 911 Cu.
653 868 738 912 XI.
773 868 1132 926 Sagacissimus.
1167 868 1237 910 Ita
1272 865 1434 923 Philo,
1460 868 1569 925 Leg.
1606 866 1675 908 ad
1704 865 1900 918 Caium,
1926 879 1975 923 p.
2002 879 2092 925 997
2135 882 2145 909 :

439 952 627 1006 Φρονήσει
649 947 794 1007 &antiq
809 949 1029 1006 χρώμενος,
1053 948 1122 991 καὶ
1142 954 1220 991 τῶν
1246 954 1334 992 καθ’
1358 951 1475 992 αὑτὸν
1496 950 1685 991 ἁπάντων
1711 944 1939 995 δεινότατος
1968 948 2018 989 ὣν
2045 949 2148 1004 ἀφα-

439 1026 499 1074 νὲς
519 1026 724 1082 ἀνθρώπου
749 1024 932 1083 ὅεύλημα
959 1021 1146 1067 συνιδεῖν.

507 1096 611 1140 Cam.
645 1095 754 1140 XII.
784 1096 996 1139 Uxorem.
1018 1097 1073 1139 A.
1099 1096 1156 1139 U.
1185 1094 1292 1151 786.
1327 1093 1489 1150 Philo,
1524 1094 1658 1146 ibid„
1691 1108 1738 1152 p.
1778 1107 1900 1137 1000
1926 1108 1937 1136 :
1963 1099 2147 1156 Πενθερὸς

442 1177 648 1233 ἐγεγένητο
665 1178 774 1233 αὐτῷ
794 1177 958 1233 Μάκρος
980 1178 1164 1228 Σιλανὶς,
1183 1177 1328 1234 μεστὸς
1348 1177 1594 1233 φρονήματος
1607 1177 1720 1231 ἀνὴρ,
1744 1175 1814 1217 καὶ
1835 1178 1939 1232 γένει
1956 1177 2146 1232 λαμπρός.

442 1245 511 1290 Cf.
535 1247 723 1301 Tmrn,
745 1248 913 1289 Annal.
933 1278 948 1299 ‚
976 1260 1053 1302 vx,
1080 1260 1155 1289 20.

505 1322 710 1381 Reliquis
733 1322 960 1365 subsidiis.
1000 1321 1207 1366 Mortuis
1230 1321 1510 1366 Germanico
1538 1328 1584 1364 et
1606 1323 1786 1377 Druse,
1815 1320 1915 1365 filio
1944 1320 2148 1375 Tiberii,

441 1395 631 1440 sublatis
655 1397 875 1441 fratribus
900 1397 1025 1453 Caii,
1055 1399 1212 1441 Druso
1242 1405 1289 1441 et
1318 1398 1528 1452 Nerone,
1560 1397 1760 1440 docente
1793 1397 1860 1441 Cl.
1890 1397 2031 1440 Hase.

506 1473 587 1515 Ex
600 1481 761 1531 partu.
786 1473 922 1517 Unde
955 1472 1087 1517 Philo
1106 1505 1119 1529 ,
1149 1471 1233 1516 ub.
1264 1486 1366 1529 sup.
1394 1487 1405 1515 :
1434 1469 1641 1535 ρχυμόρου
1676 1484 1746 1526 τῆς
1778 1477 1968 1535 θυγατρὸς
1998 1477 2131 1519 ἁποθα

439 1555 589 1603 νούσης.
616 1549 744 1592 Hanc
766 1549 904 1592 domo
935 1550 1145 1608 exegisse
1167 1556 1326 1592 narrat
1349 1547 1440 1591 Dio
1456 1582 1468 1604 ,
1493 1563 1600 1605 mx,
1624 1563 1670 1607 p.
1698 1547 1806 1601 646.

507 1624 734 1667 Noeviam.
762 1623 894 1668 Hanc
922 1623 1118 1668 Enniam
1144 1623 1433 1683 Thrasyllam
1456 1632 1595 1668 vocat
1619 1624 1741 1681 Dio,
1765 1640 1914 1681 van,
1942 1638 2001 1683 p..
2017 1621 2113 1682 639
2140 1640 2150 1667 :

441 1698 517 1749 ὁτι
553 1709 588 1755 ἐς
621 1708 748 1764 ἔρωτα
782 1709 898 1749 αὐτὸν
922 1714 992 1755 τῆς
1016 1710 1157 1749 ἑαυτοῦ
1179 1707 1362 1764 γυναικὸς
1385 1698 1524 1755 Ιῗννίας
1546 1709 1778 1764 Θρασύλλης
1804 1712 2051 1763 προϋπῆκτο.
2075 1700 2151 1743 Sic

441 1776 610 1833 Tacit„
631 1778 804 1821 Annal.
824 1810 839 1832 ,
868 1792 919 1821 τι
935 1812 947 1833 ,
975 1775 1051 1831 45.

513 1853 713 1897 Liberto.
739 1855 810 1898 Sc.
837 1853 1029 1897 Tiberii.

510 1930 615 1973 Cap,
632 1931 767 1974 XIII.
793 1930 881 1973 Vel
901 1930 1070 1973 dicam.
1097 1929 1413 1974 Correctionis
1436 1929 1667 1986 formula,
1690 1937 1745 1972 ut
1766 1928 1817 1971 in
1833 1927 1928 1973 Cic.
1947 1928 2015 1971 ad
2029 1930 2122 1971 Aet.
2137 1961 2152 1981 ,

446 2019 526 2061 m,
557 2005 585 2049 6
612 2019 624 2047 :
655 2007 850 2050 «Unum
885 2004 1002 2048 illud
1037 2004 1422 2060 extimescebam,
1455 2019 1514 2048 ne
1551 2004 1669 2064 quid
1700 2003 1901 2062 turpiter
1935 2002 2154 2059 facerem,

443 2083 521 2124 vel
541 2081 696 2123 dicam
714 2112 728 2134 ,
751 2081 848 2138 jam
877 2079 1148 2124 effecissem.
1175 2100 1194 2119 ι»

513 2157 710 2200 Miseno.
744 2156 842 2201 Ubi
864 2156 1081 2200 Tiberius
1106 2155 1303 2200 obierat.
1328 2155 1453 2200 Vide
1488 2156 1636 2199 Tiber.
1652 2187 1666 2208 ‚
1694 2170 1832 2199 Lxxxx
1854 2164 1899 2200 et
1925 2172 2063 2200 mxxv.

511 2234 815 2292 Prosequens.
844 2232 1057 2290 sos-eph„
1084 2235 1190 2287 Ant.
1224 2232 1332 2275 Jucl.
1345 2264 1362 2285 ,
1397 2246 1554 2288 xvux,
1590 2230 1618 2276 8
1645 2247 1657 2275 t
1687 2239 1824 2290 Γάϊος,
1849 2239 1897 2287 ὡς
1924 2237 1988 2280 ἐπὶ
2008 2230 2150 2296 ῥώμην

448 2319 601 2371 παρῆν,
638 2314 744 2371 ἄγων
771 2320 840 2356 τοῦ
874 2312 1053 2370 Τιῧερίου
1086 2315 1130 2355 τὸ
1165 2320 1304 2371 σῶμα,
1330 2315 1462 2370 ταφάς
1492 2331 1536 2356 τε
1568 2317 1690 2357 αὐτοῦ
1714 2317 1891 2357 ποιεῖται
1926 2317 2152 2364 πολυτελεῖς

444 2391 573 2447 νόμοις
594 2391 674 2438 τοῖς
702 2391 894 2447 πατρίοις.

506 2459 692 2502 Pullum
715 2468 762 2502 et
781 2473 1012 2518 pappum.
1042 2459 1200 2502 Verba
1224 2466 1333 2504 sunt
1357 2459 1716 2503 blandientium.

509 2534 615 2578 Cn».
651 2536 781 2580 XIV.
820 2535 993 2578 Tiberii
1012 2536 1259 2580 voluntate.
1286 2535 1444 2592 Philo,
1476 2522 1590 2596 Leg.
1624 2537 1693 2580 ad
1714 2535 1903 2591 Caium,
1927 2552 1975 2596 p.
2010 2534 2103 2596 995
2141 2548 2151 2578 2

445 2617 685 2672 Συναγαγὼν
714 2618 802 2665 τοὺς
827 2619 863 2658 ἐν
889 2619 1015 2659 τέλει’
1035 2619 1235 2673 Βούλομαι
1262 2618 1348 2674 μὲν,
1386 2619 1478 2673 ἔφη,
1506 2620 1572 2660 τὸν
1600 2620 1705 2675 γένει
1731 2619 1801 2675 μὲν
1831 2619 2001 2675 ἀνεψιὸν,
2025 2619 2152 2674 εὐνοίᾳ

445 2688 493 2733 δὲ
522 2688 707 2749 ἀδελφὸν,
731 2694 918 2750 ἑπόμενος
943 2693 1012 2735 καὶ
1040 2699 1091 2750 τῇ
1115 2698 1183 2735 τοῦ
1213 2695 1540 2743 τετελευτηκότος
1562 2693 1743 2752 Τιὲερίου
1773 2696 1914 2752 γνώμῃ
1930 2728 1940 2746 ,
1963 2711 2151 2737 κοινοπα-

443 2769 575 2824 ραγεῖν
589 2774 659 2817 τῆς
675 2771 940 2827 αὐτοκρατοῦς
965 2769 1160 2819 ἐξουσίας“
1185 2771 1301 2826 ὁρᾶτε
1332 2766 1380 2811 δὲ
1404 2770 1472 2812 καὶ
1490 2771 1604 2813 αὐτοὶ
1620 2772 1757 2817 νήπιον
1786 2773 1846 2813 ἔτι
1862 2772 1958 2813 ὄντα
1983 2766 2153 2827 κομιδῆ,

447 2843 511 2886 καὶ
531 2845 726 2901 χρήζοντα
752 2848 995 2903 ἐπιτρόπων,
1028 2846 1099 2888 καὶ
1131 2841 1418 2895 διδασκάλων,
1453 2846 1526 2889 καὶ
1549 2844 1843 2904 παιδαγωγῶν.

509 2915 688 2958 Incidit.
717 2914 877 2972 Philo,
903 2916 1007 2960 ibid.
1023 2948 1037 2970 ‚
1064 2931 1112 2975 p.
1138 2922 1230 2975 994
1268 2931 1280 2958 :
1311 2927 1378 2979 Τῷ
1403 2919 1450 2964 δὲ
1487 2920 1618 2980 ὀγδόῳ
1651 2914 1738 2978 (sc.
1772 2916 1953 2974 imperii
1976 2913 2150 2975 mense)

443 2997 728 3043 κατασκήπτει
745 2995 887 3055 ἕαρεῖα
901 3000 1013 3047 νόσος
1034 3004 1090 3055 τῷ
1105 2996 1235 3054 Γαΐῳ,
1255 2999 1325 3044 τὴν
1341 3000 1416 3055 πρὸ
1432 3004 1568 3055 μικροῦ
1593 2996 1758 3041 δίαιταν
1785 3000 1850 3041 ὅτε
1866 3001 1930 3048 ἔζη
1953 2997 2129 3055 Τιῧέριος
2142 3031 2153 3049 ,

445 3073 715 3129 εὖκολοτέραν,
749 3075 818 3116 καὶ
854 3071 927 3118 διὰ
960 3081 1077 3118 τοῦτο
1106 3076 1371 3131 ὑγιεινοτέραν
1404 3071 1546 3127 οὖσαν,
1580 3076 1630 3122 εἰς
1663 3073 1920 3117 πολυτέλειαν
1952 3078 2149 3132 μεθαρμο-

447 3150 623 3205 σαμένῳ.

522 3221 748 3266 Voverent.
785 3224 914 3268 Inter
937 3239 1059 3283 quos
1093 3221 1315 3269 Atanium
1346 3223 1613 3269 Secundum
1644 3224 1855 3268 nominat
1891 3222 2008 3278 Dio,
2046 3238 2125 3266 mx
2142 3257 2153 3276 ‚

444 3310 491 3353 P·
518 3293 612 3349 645
644 3311 654 3340 1
682 3296 849 3352 Ᾰτάνιός
863 3321 908 3347 τε
934 3304 993 3353 τὶς
1021 3301 1254 3357 Σεκοῦνδος,
1285 3306 1427 3354 ἱππεύς
1450 3322 1494 3347 τε
1530 3306 1582 3347 ὢν
1611 3305 1679 3348 καὶ
1704 3311 1997 3362 μονομαχῆσειν
2028 3305 2130 3347 {ww

443 3378 691 3435 γειλάμενος,
724 3379 769 3420 ἄν
799 3395 846 3436 γε
875 3382 894 3422 ὁ
926 3382 1042 3429 Γάϊος
1064 3377 1181 3437 σωθῇ.
