2372 3918
386 252 475 299 252
1041 254 1087 298 C.
1123 252 1407 298 SUETONII

385 354 585 410 millata
628 368 680 410 et
724 354 996 432 phalerata
1051 376 1170 410 cum
1211 357 1487 411 Mazacum
1533 354 1686 408 turba
1731 365 1892 430 atque
1935 376 2055 411 cur-

384 475 582 510 sorum.

463 555 666 610 XXXI.
716 556 837 611 Non
885 554 939 607 in
977 552 1079 608 alia
1119 572 1175 607 re
1220 565 1396 608 tamen
1439 553 1763 622 damnosior,
1804 573 1964 628 quam
2005 553 2059 607 in

388 651 717 709 aedificando,
757 655 994 708 Domum
1045 672 1074 707 a
1121 649 1327 707 Palatio
1371 651 1636 728 Esquilias
1680 671 1848 727 usque
1900 651 2058 721 fecit,

390 771 551 826 quam
584 751 758 827 primo
799 750 1225 818 Transitorium,
1259 771 1416 822 mox,
1451 750 1697 806 incendio
1730 750 2059 818 absumtam‚

384 851 824 925 restitutamque,
852 850 1099 906 Auream
1137 849 1448 905 nominavit.
1482 852 1567 907 De
1600 850 1751 925 cujus
1780 849 1952 924 spatio
1979 861 2061 903 at-

383 967 487 1022 que
515 947 663 1004 cultu
695 947 964 1004 suffecerit
990 949 1104 1005 haec
1138 947 1395 1013 retulisse.
1418 947 1760 1006 Vestibulum
1787 949 1899 1024 ejus
1928 947 2029 1003 fuit
2047 990 2061 1017 ,

382 1046 435 1101 in
471 1067 580 1122 quo
613 1046 849 1103 colossus
881 1059 1095 1104 centum
1126 1048 1317 1125 viginti
1347 1047 1546 1124 pedum
1578 1061 1739 1105 staret
1784 1049 1949 1123 ipsius
1990 1047 2062 1103 ef-

384 1133 573 1222 figie}
601 1159 747 1203 tanta
810 1146 1030 1218 laxitaS,
1080 1160 1141 1203 ut
1190 1148 1433 1223 porticus
1496 1146 1731 1223 triplices
1791 1146 2062 1202 milliarias

384 1245 640 1315 haberet;
702 1246 843 1301 item
888 1257 1139 1324 stagnum
1183 1247 1344 1302 maris
1392 1246 1590 1317 instar,
1648 1246 2062 1322 circumseptum

379 1343 614 1399 aedificiis
654 1344 722 1399 ad
756 1345 972 1400 urbium
1002 1345 1261 1421 speciem3
1290 1365 1417 1400 rura
1450 1346 1689 1419 insuper,
1722 1344 1863 1399 arvis
1901 1356 2063 1419 atque

380 1443 606 1513 vinetis,
661 1454 713 1497 et
761 1444 972 1519 pascuis
1022 1442 1274 1518 silvisque
1324 1443 1502 1513 varia,
1552 1462 1675 1497 cum
1721 1440 2065 1497 multitudine

377 1541 551 1595 omnis
586 1543 795 1617 generis
825 1542 1091 1619 pecudum
1131 1563 1193 1598 ac
1224 1542 1475 1598 ferarum.
1507 1544 1570 1596 In
1606 1542 1792 1597 ceteris
1822 1540 2064 1617 partibus

379 1651 575 1694 cuncta
600 1660 732 1695 auro
761 1640 852 1695 lita
870 1684 885 1710 ,
918 1641 1167 1697 distincta
1199 1642 1420 1718 gemmis
1453 1640 1822 1716 unionumque
1843 1641 2063 1695 conchis

379 1750 549 1793 erant.
595 1740 936 1795 Coenationes
980 1738 1237 1815 laqueatae
1276 1738 1474 1796 tabulis
1514 1739 1762 1794 eburneis
1805 1737 2064 1794 versatili-

376 1837 502 1908 bus,
539 1850 602 1892 ut
642 1837 833 1909 floreS,
862 1837 1141 1911 fistulatiS,
1176 1851 1237 1894 ut
1279 1850 1553 1915 unguenta
1594 1838 1822 1914 desuper
1852 1857 2064 1915 sparge-

378 1947 581 1991 rentur.
621 1938 895 2013 Praecipua
941 1939 1303 1993 coenationum
1339 1937 1604 2008 rotunda,
1635 1957 1752 2012 quae
1795 1949 2058 2013 perpetuo

375 2033 559 2090 diebus
591 2055 653 2117 ac
682 2036 930 2092 noctibus
958 2038 1073 2092 vice
1101 2037 1288 2092 mundi
1308 2037 1764 2113 circumageretur
1794 2057 1805 2089 :
1838 2034 2061 2091 balineae

375 2133 594 2189 marinis
652 2146 704 2189 et
745 2133 953 2190 Albulis
1001 2133 1230 2191 fluentes
1287 2135 1456 2211 aquis,
1507 2134 1790 2210 Ejusmodi
1838 2133 2060 2189 domum

374 2251 542 2306 quum
580 2231 882 2288 absolutam
912 2232 1219 2303 dedicaret,
1247 2233 1508 2289 hactenus
1539 2233 1935 2310 comprobavit,
1966 2244 2060 2302 ut,

377 2350 501 2398 «se,
521 2354 547 2381 »
582 2330 817 2403 diceret,
849 2356 875 2384 ι(
896 2333 1048 2408 quasi
1093 2333 1368 2388 hominem
1414 2331 1629 2388 tandem
1670 2332 1912 2387 habitare
1953 2351 2060 2386 coe·

374 2431 528 2504 pisse.
554 2455 581 2483 »
614 2433 876 2487 Praeterea
904 2432 1194 2488 inchoabat
1221 2433 1480 2508 piscinam
1511 2451 1541 2485 a
1566 2432 1775 2485 Miseno
1805 2430 1873 2485 ad
1897 2433 2060 2486 Aver-

374 2548 504 2583 num
535 2528 709 2599 lacum
729 2572 743 2602 ,
763 2541 1062 2586 contectam
1081 2573 1095 2602 ,
1117 2530 1519 2607 porticibusque
1550 2528 1854 2584 conclusam
1873 2572 1888 2597 ,
1917 2550 2026 2604 quo
2044 2571 2059 2600 ,

375 2627 628 2701 quicquid
656 2629 781 2683 totis
816 2629 958 2683 Baiis
1001 2627 1296 2684 calidarum
1330 2649 1590 2704 aquarum
1635 2641 1804 2700 esset,
1838 2649 2063 2704 conver--

342 2716 347 2722 ⁸
375 2736 576 2780 teretur
609 2746 622 2780 ε
651 2725 845 2781 fossam
885 2727 952 2781 ab
980 2730 1194 2783 Averno
1230 2728 1438 2796 Ostiam
1475 2748 1675 2804 usque,
1709 2739 1766 2781 ut
1799 2728 2056 2798 navibuS,

374 2843 472 2879 nec
508 2835 691 2880 tamen
720 2826 890 2896 mari,
922 2827 1108 2898 iretur,
1139 2825 1490 2904 longitudinis
1525 2848 1623 2903 per
1663 2839 1878 2882 centum
1911 2847 2057 2882 sexa-

375 2924 523 2998 ginta
565 2923 763 2994 millia;
809 2923 1135 2995 latitudinis,
1178 2946 1286 3002 qua
1324 2928 1607 2982 contrariae
1650 2926 2055 3001 quinqueremes

373 3035 747 3078 commearent.
793 3025 1042 3096 Quorum
1089 3046 1314 3102 operum
1355 3025 1798 3101 perficiendorum
1850 3025 2016 3101 gratia
2039 3066 2053 3093 ‚

374 3121 520 3194 quod
548 3122 749 3199 ubique
778 3136 915 3179 esset
943 3123 1194 3179 custodiae
1213 3167 1227 3194 ,
1249 3126 1302 3178 in
1336 3124 1546 3180 Italiam
1574 3124 1874 3202 deportari,
1895 3122 2056 3176 etiam

375 3220 566 3276 scelere
599 3223 872 3278 convictos
902 3244 1009 3278 non
1043 3223 1142 3277 nisi
1172 3223 1236 3278 ad
1263 3244 1396 3299 opus
1421 3224 1692 3295 damnari,
1716 3234 2051 3298 praeceperat.
