2372 3918
766 230 1074 278 OCTAVIUS
1109 230 1445 275 AUGUSTUS.
1905 230 1935 276 8
1946 246 1962 275 1

251 334 477 415 flagellis
511 335 843 410 verberarit,
875 345 930 390 et
968 331 1210 409 Pyladen
1247 333 1398 390 Urbe
1431 345 1595 409 atquc
1632 333 1790 392 Italia
1820 354 1967 393 sum·

251 438 511 509 moverit,
556 435 705 514 quod
746 445 1141 512 spectatorem,
1182 453 1214 489 a
1259 453 1371 510 quo
1416 431 1835 507 exsibilabatur,
1878 435 1970 491 de-

251 549 604 597 monstrasset
625 535 822 614 digito,
844 534 1315 612 conspicuumque
1338 532 1565 590 fecisset.

328 640 529 696 XLVI.
572 634 659 694 Ad
691 635 841 691 hunc
874 633 1102 690 modum
1133 634 1288 690 Urbe
1321 634 1653 711 urbanisque
1684 635 1849 692 rebus
1875 636 1972 693 ad-

253 737 605 806 ministratiS,
639 734 855 791 Italiam
894 733 1303 813 duodetriginta
1336 733 1678 792 coloniarum
1712 756 1973 810 numero,

252 838 612 896 deductarum
643 836 713 892 ab
745 856 835 908 se,
866 834 1266 912 frequentavit,
1298 835 1666 913 operibusque
1703 856 1768 893 ac
1803 838 1974 894 vecti-

252 937 463 1017 galibus
507 935 743 1014 publicis
788 934 1133 1014 plurifariam
1178 935 1437 992 instruxit
1481 956 1495 991 ε
1540 936 1703 993 etiam
1742 937 1869 1014 jure
1911 958 1975 994 ac

251 1038 569 1118 dignatione
578 1037 721 1094 Urbi
737 1034 1145 1115 quodammodo
1163 1056 1266 1113 pro
1281 1048 1438 1114 parte
1453 1034 1632 1113 aliqua
1651 1037 1975 1115 adoequavit,

251 1140 556 1218 excogitato
577 1158 777 1217 genere
799 1137 1189 1216 suffragiorum
1201 1181 1216 1210 ,
1235 1158 1355 1215 quae
1373 1136 1441 1194 de
1457 1138 1867 1218 magistratibus
1885 1161 1978 1197 ur-

251 1239 387 1297 bicis
415 1238 739 1296 decuriones
766 1236 999 1294 colonici
1031 1238 1088 1294 in
1114 1258 1212 1294 sua
1242 1237 1475 1315 quisque
1504 1237 1719 1296 colonia
1744 1239 1977 1314 ferrent,

253 1352 307 1397 et
325 1340 424 1397 sub
449 1338 593 1396 diem
619 1340 972 1397 comitiorum
999 1339 1286 1418 obsignata
1310 1343 1545 1397 Romam
1572 1341 1872 1398 mitterent.
1896 1344 1979 1399 Ac

256 1442 452 1499 necubi
482 1453 578 1497 aut
605 1441 966 1498 honestorum
990 1439 1245 1497 deficeret
1270 1441 1428 1519 copia
1444 1484 1459 1511 ,
1494 1454 1591 1498 aut
1611 1440 1979 1499 multitudinis

257 1542 495 1614 soboleS,
525 1553 831 1620 equestrem
861 1542 1106 1599 militiam
1134 1553 1381 1619 petentes
1406 1543 1571 1599 etiam
1602 1564 1669 1599 ex
1701 1564 1981 1601 commen-

257 1643 477 1700 datione
504 1641 726 1719 publica
754 1640 1020 1718 cujusque
1044 1640 1234 1717 oppidi
1262 1640 1581 1713 ordinabat3
1605 1655 1662 1698 at
1693 1644 1789 1715 iis,
1823 1645 1919 1722 qui
1952 1665 1982 1700 c

255 1741 415 1821 plebe
448 1742 697 1820 regiones
741 1740 843 1796 sibi
874 1741 1133 1796 revisenti
1159 1738 1299 1796 filios
1338 1738 1545 1798 filiasve
1576 1744 1981 1820 approbarent,

257 1841 472 1922 singula
497 1861 853 1898 nummorum
881 1834 1052 1897 millia
1078 1861 1179 1918 pro
1208 1839 1438 1919 singulis
1466 1841 1761 1901 dividebat.

337 1943 564 1999 XLVII.
609 1939 927 1998 Provincias
960 1938 1286 2015 validioreS,
1319 1953 1374 1999 et
1406 1962 1541 2019 quas
1575 1945 1774 2001 annuis
1809 1947 1983 2026 magi-

259 2056 530 2107 stratuum
562 2041 802 2120 imperiis
834 2041 982 2119 regi,
1017 2061 1119 2098 nec
1150 2040 1307 2099 facile
1337 2062 1443 2098 nec—
1470 2055 1653 2100 tutum
1684 2057 1832 2121 erat,
1867 2048 1986 2127 ipse

258 2143 497 2222 suscepit
529 2164 543 2199 z
577 2155 785 2199 ceteras
817 2141 1240 2220 proconsulibus
1275 2144 1470 2201 sortito
1502 2146 1775 2222 permisit,
1815 2160 1870 2204 et
1902 2161 1985 2207 ta-

262 2266 388 2302 men
418 2241 709 2300 nonnullas
739 2243 1099 2299 commutavit
1131 2244 1433 2317 interdum3
1461 2257 1627 2324 atque
1654 2268 1720 2304 ex
1748 2261 1986 2327 utroque

262 2364 459 2424 genere
484 2341 773 2422 plerasque
799 2344 995 2421 saepius
1023 2342 1173 2399 adiit.
1198 2345 1438 2401 Urbium
1465 2346 1730 2423 quasdam
1755 2349 1986 2408 foedera-

262 2458 374 2518 tas,
410 2442 504 2501 sed
537 2441 605 2500 ad
636 2443 862 2499 exitium
899 2441 1117 2500 licentia
1151 2445 1486 2522 praecipites,
1522 2444 1775 2504 libertate
1807 2450 1988 2527 priva·

263 2546 344 2601 vit
375 2565 389 2600 ε
423 2543 582 2616 aliaS,
617 2554 713 2599 aut
746 2564 852 2600 aere
889 2542 1066 2600 alieno
1098 2542 1408 2603 laborantes
1440 2544 1665 2619 levavit,
1698 2561 1796 2605 aut
1831 2562 1988 2607 terrae

265 2656 422 2701 motu
454 2644 740 2700 subversas
774 2643 956 2700 denuo
987 2643 1263 2720 condidit,
1298 2658 1394 2702 aut
1425 2648 1619 2704 merita
1650 2668 1780 2727 erga
1814 2671 1989 2729 popu-

268 2743 387 2800 lum
407 2747 720 2800 Romanum
742 2741 1062 2821 alleganteS,
1079 2745 1374 2802 Latinitate
1397 2745 1479 2802 vel
1502 2748 1722 2805 civitate
1744 2749 1985 2808 donavit.

267 2846 386 2903 Nec
417 2854 522 2915 est,
555 2854 618 2898 ut
650 2843 873 2920 opinor,
904 2844 1217 2921 provincia,
1249 2859 1474 2923 excepta
1507 2846 1776 2906 duntaxat
1806 2851 1989 2908 Africa

270 2957 325 3001 et
345 2942 620 3016 Sardinia,
646 2962 811 3020 quam
834 2964 945 2999 non
967 2941 1177 2999 adierit.
1198 2946 1263 2999 In
1285 2945 1406 3016 has,
1430 2945 1620 3024 fugato
1641 2950 1809 3006 Sexto
1831 2954 1991 3007 Pom-

272 3045 423 3124 peio,
448 3043 698 3120 trajicere
725 3063 792 3099 ex
818 3042 1003 3100 Sicilia
1032 3056 1389 3121 apparantem
1419 3048 1696 3106 continuae
1722 3063 1777 3106 et
1802 3052 1993 3107 immo-

273 3145 407 3202 dicae
429 3155 777 3221 tempestates
798 3140 1181 3217 inhibuerunt,
1205 3167 1305 3202 nec
1329 3166 1454 3202 mox
1476 3149 1692 3205 occasio
1713 3163 1808 3207 aut
1831 3171 1990 3207 causa

275 3243 582 3323 trajiciendi
616 3244 734 3302 fuit.

477 3365 512 3400 1.
1677 3345 1715 3400 6
