2372 3918
383 256 442 308 61,
1070 253 1118 298 C.
1151 255 1448 300 SUETONII

382 359 530 415 ditus
561 370 641 415 est
678 371 858 431 certe,
898 358 1027 415 dum
1069 379 1132 414 ex
1171 380 1237 415 eo
1267 360 1488 435 quaerit,
1522 382 1546 410 κ
1571 359 1773 437 ecquid
1799 362 1991 434 sciret,
2021 384 2122 421 cur

381 460 484 516 sibi
513 461 692 517 visum
720 471 885 530 esset,
911 459 1261 516 ordinatione
1291 461 1544 538 proxima
1571 462 1809 539 AEgypto
1843 463 2120 541 praeficere

381 562 645 618 Maecium
672 560 899 618 Rufum.
920 586 946 614 »
968 560 1157 618 Edidit
1188 561 1412 618 navales
1432 583 1647 640 pugnas
1669 584 1823 640 paene
1842 565 2121 641 justarum

377 661 663 736 classium,
701 662 902 719 effosso
934 674 988 718 et
1021 663 1446 719 circumstructo
1474 663 1633 740 juxta
1664 664 1908 720 Tiberim
1941 664 2068 723 lacu
2107 689 2119 723 :

378 776 542 841 atque
573 764 1017 821 inter‘maximos
1051 764 1252 820 imbres
1281 766 1669 842 perspectavit.
1705 767 1857 822 Fecit
1881 778 1935 823 et
1964 764 2122 824 ludos

376 860 681 937 seculares,
727 878 1046 943 computata
1082 868 1298 922 ratione
1338 878 1661 944 temporum,
1686 867 1757 923 ab
1792 888 1972 936 anno,
2008 889 2121 925 non

378 988 490 1044 quo
533 966 800 1024 Claudius
836 968 1115 1044 proxime,
1161 966 1257 1023 sed
1288 989 1400 1044 quo
1433 967 1567 1024 olim
1610 971 1892 1046 Augustus
1934 969 2121 1026 edide-

375 1079 476 1124 rat.
513 1071 579 1125 In
609 1067 725 1139 his,
754 1068 1101 1125 Circensium
1133 1067 1223 1124 die
1244 1112 1258 1140 ,
1288 1089 1400 1145 quo
1429 1067 1643 1125 facilius
1672 1080 1894 1125 centum
1920 1071 2120 1127 missus

375 1178 793 1246 peragerentur,
830 1166 1078 1246 singulos
1113 1189 1144 1224 a
1184 1168 1423 1246 septenis
1463 1169 1651 1246 spatiis
1672 1169 1762 1234 ,ad
1792 1171 1963 1246 quina
1993 1192 2118 1226 cor-

373 1269 561 1345 ripuit.
611 1269 861 1325 Instituit
910 1280 965 1324 et
1007 1267 1426 1345 quinquennale
1468 1282 1749 1326 certamen
1797 1270 2118 1348 Capitolino

376 1370 500 1425 Jovi
549 1367 1141 1452 triplex„nmusicum,
1189 1382 1471 1445 equestre,
1520 1370 1870 1446 gymnicum,
1909 1382 1965 1426 et
2017 1369 2119 1426 ali-

373 1481 582 1546 quanto
612 1468 855 1547 plurium
878 1513 893 1542 ,
923 1490 1091 1547 quam
1124 1481 1273 1525 'nunc
1299 1483 1408 1537 est,
1441 1490 1790 1525 coronarum.
1819 1471 2122 1527 Certabant

373 1572 521 1626 enim
569 1583 622 1626 et
658 1591 820 1648 prosa
854 1571 1108 1627 oratione
1138 1591 1313 1649 graece
1347 1569 1626 1647 latineque
1668 1592 1680 1625 :
1713 1591 1776 1626 ac
1807 1582 2005 1647 praeter
2042 1573 2121 1627 ci—

372 1671 653 1734 tharoedos
691 1671 1161 1727 chorocitharistae
1195 1691 1419 1748 quoque
1451 1683 1507 1726 et
1541 1669 1983 1747 psilocitharistae
2012 1691 2024 1726 ε
2061 1672 2115 1726 in

345 1773 553 1829 *stadio
600 1793 734 1828 vero
786 1793 951 1829 cursu
1003 1773 1166 1828 etiam
1213 1773 1468 1848 virgines,
1510 1771 1814 1828 Certamini
1866 1771 2121 1848 praesedit

373 1874 737 1952 crepidatus,
771 1894 1161 1951 purpureaque
1208 1874 1440 1928 amictus
1483 1884 1608 1950 toga
1650 1857 1982 1949 graecanica,
2028 1893 2118 1928 ca-

372 1975 487 2052 pite
522 1986 742 2052 gestans
783 1994 1048 2030 coronam
1090 1993 1315 2029 auream
1353 1994 1482 2028 cum
1520 1972 1701 2051 effigie
1736 1973 1888 2029 Jovis
1923 1994 1987 2029 ac
2016 1977 2116 2029 Ju-

372 2077 533 2131 nonis
562 2076 964 2152 Minervaeque3
1000 2072 1364 2131 assidentibus
1400 2072 1548 2130 Diali
1580 2072 1978 2145 sacerdote,et
2007 2071 2118 2130 col-

374 2174 517 2253 legio
556 2174 918 2249 Flavialium,
954 2176 1074 2253 pari
1106 2162 1302 2231 habitu
1338 2197 1350 2231 :
1383 2175 1486 2230 nisi
1517 2173 1668 2251 quod
1704 2162 1926 2230 illorum
1954 2188 2116 2230 'coro-

374 2278 459 2332 nis
505 2278 704 2333 inierat
757 2289 812 2333 et
858 2277 1029 2355 ipsius
1084 2277 1285 2354 imago.
1338 2274 1667 2333 Celebrabat
1707 2288 1761 2331 et
1800 2277 1855 2330 in
1899 2274 2116 2332 Albano

372 2379 670 2457 quotannis
698 2378 1076 2456 Quinquatria
1101 2379 1398 2449 Minervae,
1424 2377 1516 2433 cui
1545 2374 1837 2454 collegium
1870 2377 2118 2432 institue-

373 2492 487 2554 rat,
513 2501 580 2537 ex
603 2501 716 2557 quo
745 2492 893 2537 sorte
918 2479 1072 2536 ducti
1102 2460 1421 2557 magisterio
1453 2477 1837 2555 fungerentur,
1864 2476 2117 2533 ederent-

378 2601 486 2658 que
511 2581 737 2638 eximias
771 2581 1093 2637 venationes
1120 2593 1171 2636 et
1206 2580 1452 2636 scenicos
1482 2577 1666 2650 ludos,
1697 2598 1971 2655 superque
1997 2598 2118 2633 ora-

371 2694 557 2738 torum
582 2703 647 2738 ac
670 2694 963 2759 poetarum
991 2681 1310 2738 certamina.
1332 2680 1696 2758 Congiarium
1725 2677 1931 2756 populo
1962 2699 2118 2733 num-

369 2803 588 2839 morum
633 2795 981 2839 trecenorum
1030 2769 1113 2839 ter
1147 2779 1300 2837 dedit
1345 2802 1357 2836 :
1397 2791 1560 2857 atque
1609 2781 1754 2835 inter
1804 2776 2116 2856 spectacula

371 2885 615 2941 muneris
658 2883 1029 2962 largissimum
1068 2882 1312 2963 epulum.
1360 2879 1769 2959 Septimontiali
1802 2901 1958 2936 sacro
1989 2880 2112 2956 qui·

373 2985 529 3059 dem,
573 2987 788 3042 senatui
817 2986 1102 3063 equitique
1140 2985 1410 3062 panarii5‚
1461 2982 1639 3061 plebei
1674 2980 1947 3060 sportellis
1989 3001 2114 3036 cum

352 3076 606 3143 'obsonio
637 3086 982 3155 distributis;
1012 3086 1231 3142 initium
1261 3084 1518 3141 vescendi
1548 3086 1761 3162 primus
1798 3082 1924 3139 fecit
1957 3103 1969 3136 t
2002 3080 2116 3135 die—

374 3208 483 3265 que
518 3189 774 3266 proximo
817 3208 981 3245 omne
1031 3207 1204 3265 genus
1246 3207 1432 3242 rerum
1480 3184 1707 3241 missilia
1756 3183 1954 3261 sparsit
1983 3166 2012 3236 ⁵:
2062 3193 2115 3236 et

373 3289 504 3364 quia
544 3309 672 3366 pars
703 3289 884 3365 major
922 3289 1065 3344 intra
1107 3285 1395 3366 popularia
1434 3286 1739 3355 deciderat,
1773 3285 2114 3361 quinquage-
