2372 3918
325 296 417 341 316
1085 288 1275 336 NOTAE

387 390 652 450 Palfurcum
679 387 861 434 Suram.
889 388 961 432 De
990 386 1084 430 hoc
1113 386 1257 430 schol.
1287 384 1347 428 ad
1382 382 1622 440 Juvenal.‚
1656 399 1722 439 xv,
1750 381 1808 427 53
1836 398 1847 428 ε
1873 382 2034 429 Palfu-

323 468 420 512 rius
444 468 563 511 Sura
594 463 851 510 consularis
879 463 929 508 in
952 477 1103 524 agone
1135 477 1241 506 cum
1271 460 1451 520 virgine
1475 459 1805 504 lacedaemonia
1828 460 1914 505 sub
1937 462 2036 506 Ne·-

324 559 440 589 rone
466 545 667 587 luctatus
686 549 768 586 est.
795 543 907 585 Post
927 540 1036 584 inde
1062 555 1089 583 a
1111 538 1401 598 Vespasiano
1426 546 1591 582 senatu
1619 547 1796 598 motus,
1819 539 2036 585 transivit

326 620 387 665 ad
409 618 602 664 stoicam
627 627 797 665 sectam
811 652 824 675 ‚
849 618 899 663 in
921 632 1015 676 qua
1045 631 1193 676 quum
1217 615 1488 674 praevaleret
1521 623 1567 658 et
1591 617 1863 676 eloquentia
1887 625 1933 660 et
1956 632 2034 660 ar—

326 696 384 741 tis
425 704 620 755 poeticae
655 694 830 756 gloria,
871 694 1044 738 abusus
1070 691 1382 736 familiaritate
1418 690 1699 746 Domitiani,
1744 688 2039 735 acerbissime

326 780 482 833 partes
521 771 768 816 delationis
803 769 1015 815 exercuit
1055 785 1065 812 :
1105 784 1202 828 quo
1246 767 1522 823 interfecto,
1560 777 1726 812 senatu
1764 776 2037 823 accusante,

329 848 573 893 damnatus
598 855 680 892 est.

394 926 468 968 De
501 924 771 968 oratoribus.
798 924 855 968 H.
881 938 921 966 e.
961 938 1022 965 ex
1048 920 1331 976 oratoribus,
1356 920 1450 966 sive
1483 930 1533 963 ut
1557 937 1673 964 unus
1701 922 1759 965 cle
1785 922 2041 966 oratoribus
2072 960 2074 963 ,

331 995 611 1060 quibuscum
636 998 875 1043 certabat..

397 1077 675 1119 Formalem.
694 1075 747 1118 H.
764 1089 803 1118 e.
824 1089 931 1119 curn
944 1072 1156 1118 formulis
1170 1070 1413 1132 titulisque
1427 1074 1700 1118 solennibus
1715 1074 2040 1133 conscriptam.

401 1151 629 1196 Ponderis
659 1150 784 1194 certi.
812 1149 957 1207 Quod
985 1147 1205 1210 exprimit
1234 1149 1377 1206 stat.,
1405 1147 1514 1194 Situ.
1529 1182 1545 1205 ,
1570 1165 1617 1208 v,
1649 1166 1696 1207 1,
1735 1165 1823 1210 ¹90
1858 1167 1867 1193 :

506 1278 566 1313 Da
591 1272 822 1326 Capitolinis
847 1281 1038 1313 aeternum
1062 1273 1219 1313 sedibus
1242 1287 1405 1322 aurum,

509 1345 599 1394 Quo
623 1343 774 1383 niteant
800 1342 900 1382 sacri
923 1350 1099 1383 centeno.
1113 1344 1289 1396 pondere
1311 1344 1455 1384 vultus.

335 1461 404 1506 Cf.
435 1463 589 1518 Lirs„
612 1461 671 1504 de
703 1461 865 1520 Magn.
891 1461 1055 1514 Rom.‚
1082 1476 1172 1518 ιιι,
1197 1477 1241 1521 9.
1267 1503 1270 1505 ,

400 1549 577 1586 APKEI.
602 1539 659 1582 H.
693 1552 733 1582 e.
758 1537 867 1582 satis
893 1546 988 1595 est,
1014 1553 1170 1599 neque
1193 1539 1355 1599 plures
1378 1554 1514 1584 arcus
1545 1546 1628 1585 aut
1651 1537 1789 1599 janos
1815 1538 1904 1584 tibi
1934 1537 2051 1599 erigi

337 1614 436 1675 pati
464 1615 621 1659 debes.

407 1691 683 1735 Consulatus
708 1706 829 1735 xvu.
855 1691 1036 1751 Nempe
1075 1690 1246 1736 additis
1277 1708 1364 1736 sex
1393 1692 1485 1737 illis
1511 1708 1630 1752 quos
1660 1692 1875 1752 privatus
1897 1693 2052 1755 gessit.

338 1766 640 1812 Continuavit
665 1775 820 1811 autem
851 1758 1238 1829 octavum'usque
1262 1769 1323 1813 ad
1347 1778 1568 1829 quartum
1585 1768 1820 1814 decimum
1851 1771 1914 1818 ab,
1927 1786 2053 1815 anno

341 1842 435 1888 835
472 1843 533 1887 ad
573 1843 692 1900 841,
730 1844 776 1887 h.
803 1860 841 1888 e.
880 1854 1060 1904 septem
1099 1846 1291 1890 medios.
1325 1848 1490 1890 Postea
1522 1846 1685 1890 consul
1716 1846 1805 1890 fuit
1838 1861 1916 1903 xv,
1946 1862 2052 1890 ann.

340 1918 457 1974 8‘433
481 1935 565 1964 xv1
583 1946 596 1975 ,2
625 1935 732 1964 ann.
762 1920 879 1976 845,
905 1929 1109 1978 etxv11‚
1137 1937 1245 1966 ann.
1272 1922 1382 1976 848.

414 2007 706 2065 Trc'umplzos.
729 2007 836 2052 Scil.
865 2008 924 2052 de
948 2007 1092 2053 Cattis
1123 2017 1169 2053 et
1192 2008 1345 2054 Dacis.
1373 2010 1492 2054 Vide
1515 2025 1582 2054 vx.

407 2096 514 2140 Cn.
542 2096 673 2139 XIV.
708 2096 1021 2140 Amicorum...
1046 2096 1220 2140 uxoris.
1251 2099 1321 2140 Ita
1344 2097 1551 2156 Xiphi1.,
1582 2113 1714 2142 van
1731 2131 1745 2155 ,
1776 2113 1824 2157 p.
1863 2096 1955 2154 766
1974 2131 1986 2153 ,
2011 2105 2057 2140 et

341 2170 510 2215 Zonar.
529 2206 540 2227 ,
564 2172 770 2224 Annal„
798 2186 865 2227 11,
892 2186 939 2230 p.
974 2186 1077 2230 ¹97·
1633 2171 1637 2174 ’

413 2247 582 2291 Vincis.
615 2245 730 2290 Vide
753 2262 846 2291 vn.

413 2306 822 2380 Grati'amfacere.
854 2324 910 2367 H.
938 2339 977 2369 e.
1005 2325 1256 2370 remittere.

409 2409 614 2464 Θυομένῳ,
639 2399 782 2457 Quod
809 2414 954 2459 capro
975 2402 1086 2447 vitis
1108 2402 1351 2447 minitatur
1375 2405 1502 2464 apud
1522 2406 1732 2449 Evenum
1748 2440 1758 2458 ‚
1784 2403 1832 2451 in
1861 2404 2048 2447 Anthol.

342 2477 542 2530 Jacobs,
568 2477 662 2520 vol.
687 2490 705 2519 1
723 2509 737 2531 ‚
760 2490 807 2535 p.
836 2491 896 2535 97
927 2493 939 2522 ε

540 2615 625 2661 Κῆν
653 2631 703 2669 με
726 2617 854 2674 φάγῃς
877 2616 942 2659 ἐπὶ
964 2618 1095 2674 ῥίζαν,
1122 2617 1227 2672 ὅμως
1250 2618 1309 2658 ἔτι
1332 2617 1644 2673 καρποφορῆσαι),

608 2680 739 2734 ὅσσον
766 2694 1004 2736 ἐπισπεῖσαιί
1033 2710 1116 2746 σοι,
1138 2694 1282 2751 τράγε,
1305 2695 1494 2750 θυομένῳ.

345 2807 511 2853 Latine
532 2809 744 2855 reddidit
766 2811 907 2857 Ovid.
919 2845 934 2867 ‚
968 2814 1127 2868 Fast.,
1153 2828 1196 2870 1,
1223 2811 1332 2870 357.

416 2885 643 2946 Phengite
682 2889 857 2947 lapide.
896 2890 1034 2934 Hunc
1072 2889 1297 2935 describit
1332 2889 1479 2948 Plin.,
1510 2890 1569 2935 H.
1612 2889 1699 2942 N.,
1744 2903 1915 2945 xxxvl,
1952 2903 2060 2932 ατε

348 2980 367 2999 «
386 2962 577 3007 Nerone
602 2964 840 3024 principe,
874 2964 923 3009 in
947 2965 1250 3025 Cappadocia
1272 2974 1489 3026 repertus
1504 2974 1573 3011 est
1595 2963 1711 3024 lapis
1736 2963 1909 3009 duritia
1931 2979 2061 3008 mar-

346 3036 515 3094 moris,
543 3040 769 3085 candidus
798 3048 941 3100 atque
963 3042 1279 3099 translucens,
1313 3042 1453 3088 etiam
1482 3058 1577 3103 qua
1600 3049 1737 3103 parte
1768 3041 1906 3086 fulvae
1942 3041 2062 3086 inci-

349 3111 517 3158 derant
541 3131 690 3172 venae,
727 3132 783 3161 ex
807 3127 1086 3178 argumento
1106 3118 1354 3179 phengites
1376 3121 1654 3179 appellatus.
1677 3140 1696 3159 υ

419 3189 676 3235 Custodias.
704 3194 761 3237 H.
793 3209 832 3237 e.
862 3194 1086 3238 custodiae
1110 3194 1258 3239 datos.
1328 3207 1335 3213 ‘
1514 3253 1516 3256 v

415 3265 800 3312 Existimabatur.
834 3269 919 3313 Cui
947 3270 1085 3314 etiam
1122 3269 1305 3316 crimini
1327 3272 1493 3330 vertit,
1537 3275 1668 3333 quod
1711 3276 1891 3320 Neroni
1923 3290 2061 3334 opem

2338 253 2372 384 ..as-aff*
2344 199 2351 219 ·-
