2372 3918
498 431 589 503 D.
642 427 909 502 JUNII
960 400 1519 496 JUVENALls
1565 421 1831 494 VITA.

1035 667 1298 683 *

302 828 368 932 J
373 891 550 932 umus
574 874 916 940 JUVENALIS,
949 864 1195 923 libertini
1223 862 1516 942 locupletis
1545 863 1823 920 incertum
1858 861 2034 938 filius,

301 995 372 1031 an
402 971 690 1044 alumnuS,
721 969 791 1027 ad
820 967 1059 1026 mediam
1091 966 1205 1023 fere
1229 976 1447 1022 aetatem
1469 962 1832 1037 declamavit,
1862 964 2034 1021 animi

301 1074 476 1153 magis
505 1091 699 1146 causa,
729 1090 897 1148 quam
932 1067 1084 1147 quod
1107 1064 1307 1124 scholae
1331 1085 1386 1122 se
1411 1077 1508 1122 aut
1532 1064 1655 1122 foro
1680 1075 2033 1144 praepararet.

298 1173 511 1231 Deinde
553 1191 863 1251 paucorum
897 1189 1160 1226 versuum
1197 1167 1364 1224 satira
1393 1187 1507 1223 non
1538 1165 1776 1223 absurde
1808 1186 2035 1245 compo-

299 1275 402 1332 sita
440 1274 497 1331 in
532 1272 788 1331 Paridem
827 1270 1235 1350 pantomimum
1275 1280 1606 1348 poetamque
1640 1263 1886 1347 [Claudii
1921 1267 2035 1325 Ne-

299 1375 478 1447 roniS‚
499 1374 616 1453 ejus
637 1363 993 1431 semestribus
1019 1368 1285 1427 militiolis
1311 1365 1670 1449 tumentem]‚
1696 1387 1870 1446 genus
1904 1367 2039 1424 scri-

299 1489 476 1554 pturae
503 1473 775 1532 industrie
806 1471 1066 1530 excoluit.
1100 1474 1172 1529 Et
1198 1483 1383 1528 tamen
1413 1469 1555 1526 bene
1584 1468 1681 1525 diu
1718 1489 1788 1525 ne
1812 1467 2035 1526 modico

297 1576 524 1655 quidem
557 1574 835 1634 auditorio
866 1575 1162 1652 quicquam
1199 1572 1546 1629 committere
1576 1582 1659 1626 est
1686 1590 1867 1626 ausus,
1898 1572 2037 1627 Mox

297 1699 500 1758 magna
523 1676 861 1755 frequentia,
886 1694 1202 1753 magnoque
1226 1693 1475 1730 successu
1500 1672 1582 1728 bis
1610 1691 1673 1727 ac
1704 1682 1789 1729 ter
1813 1651 2037 1727 auditus

296 1792 409 1850 est,
439 1792 502 1836 ut
531 1799 595 1836 ea
622 1798 879 1856 quoque,
908 1797 1031 1853 quae
1070 1777 1249 1853 prima
1282 1774 1517 1843 fecerat,
1552 1772 1833 1830 inferciret
1878 1772 2037 1828 novis

296 1880 515 1958 scriptis
543 1900 557 1935 ε

417 2018 567 2077 Quod
590 2034 693 2064 non
719 2018 837 2064 dant
858 2031 1108 2079 proceres,
1136 2016 1271 2061 dabit
1300 2014 1470 2061 histrio
1495 2031 1507 2059 t
1535 2023 1586 2060 tu
1619 2013 1923 2073 Camerinos,

417 2097 678 2143 Et—Bareas
696 2130 711 2155 ‚
744 2104 797 2141 tu
824 2094 1060 2149 nobilium
1087 2109 1259 2154 magna
1292 2092 1410 2138 atria
1444 2108 1593 2139 curas·

425 2173 672 2220 Praefectos
702 2173 905 2234 Pelopea
933 2172 1044 2218 facit
1059 2208 1072 2231 ,
1107 2172 1371 2218 Philomela
1405 2170 1634 2216 tribunos.

296 2304 432 2357 Erat
469 2312 591 2356 tum
631 2300 690 2356 in
726 2298 936 2356 deliciis
978 2297 1116 2355 aulae
1157 2299 1384 2368 histri03
1430 2295 1707 2374 multique
1752 2298 2036 2354 fautorum

295 2401 409 2478 ejus
446 2400 695 2478 quotidie
739 2400 1207 2478 provehebantur.
1252 2399 1424 2455 Venit
1468 2418 1603 2475 ergo
1644 2395 1928 2454 Juvenalis
1979 2398 2037 2453 in

296 2501 690 2578 suspicionem',
712 2501 872 2579 quasi
893 2512 1142 2578 tempora
1166 2498 1402 2578 figurate
1426 2509 1675 2554 notasset
1709 2519 1721 2553 ε
1750 2517 1814 2554 ac
1845 2498 2032 2554 statim

296 2623 394 2680 per
428 2602 699 2658 honorem
752 2600 996 2674 militiae,
1043 2619 1378 2678 quamquam
1426 2600 1841 2677 octogenariuS‚
1883 2598 2038 2655 Urbe

299 2715 644 2776 summotus,
680 2703 990 2779 missusque
1021 2701 1090 2758 ad
1121 2700 1508 2779 praefecturam
1547 2699 1826 2770 cohortis,
1859 2700 1916 2755 in
1948 2719 2038 2755 ex-

297 2814 468 2859 trema
491 2803 714 2881 AEgypti
739 2814 895 2880 parte
917 2800 1211 2861 tendentis.
1236 2800 1300 2857 Id
1329 2798 1585 2879 supplicii
1611 2821 1786 2879 genus
1807 2798 2035 2878 placuit,

296 2917 356 2961 ut
382 2903 487 2961 levi
515 2918 679 2982 atque
701 2903 939 2982 joculari
968 2902 1170 2960 delicto
1196 2923 1295 2981 par
1318 2915 1474 2960 esset.
1499 2904 1709 2960 Verum
1739 2903 1887 2959 intra
1910 2902 2034 2958 bre-

295 3006 577 3062 vissimum
607 3017 825 3083 tempus
859 3025 1064 3082 angore
1098 3016 1153 3060 et
1187 3001 1347 3060 taedio
1380 3003 1560 3081 periit.

907 3212 1432 3231 ---—---——.-
