2372 3918
996 262 1295 309 TIBERIUS.
1655 304 1658 308 ,
1914 279 1932 309 ι
1943 261 2000 320 37

292 362 362 421 de
402 365 704 423 tribuendis
745 364 1069 443 quibusdam
1102 364 1428 423 militaribus
1464 364 1622 422 donis
1651 367 1720 422 ad
1752 388 1809 424 se
1841 368 1997 425 refer·

292 477 450 521 rent:
483 465 637 542 quasi
658 484 768 521 non
790 463 1036 520 omnium
1057 463 1479 521 tribuendorum
1500 466 1600 542 ipsi
1611 466 1701 542 jus
1720 467 2006 524 haberent.‘

291 566 586 621 Praetorem
616 561 976 635 collaudavit,
1008 562 1184 640 quod,
1216 563 1429 620 honore
1459 564 1623 637 inito,
1655 567 2008 623 consuetudi-1

291 683 418 719 nem
441 664 721 740 antiquam
740 661 1036 736 retulisset,
1070 662 1139 719 de
1162 664 1460 741 majoribus
1483 665 1593 721 suis
1616 685 1718 743 pro
1742 667 2008 722 concione

290 762 647 820 memorandi.
683 763 1067 835 Quorumdam
1101 763 1392 821 illustrium
1423 767 1705 842 exsequias
1738 787 1910 842 usque
1939 767 2007 822 ad

290 883 486 940 rogum
532 861 914 938 frequentavit.
971 864 1168 920 Parem
1215 863 1650 921 moderationem
1705 865 2009 921 minoribus

291 980 509 1037 quoque
538 973 593 1016 et
622 962 869 1038 personis
899 974 955 1018 et
978 962 1142 1018 rebus
1163 963 1426 1021 exhibuit.
1450 966 1642 1038 Quum
1662 963 2008 1021 Rhodiorum

290 1062 661 1139 magistratuS,
690 1062 838 1139 quod
872 1061 1055 1119 literas
1087 1062 1336 1141 publicas
1366 1065 1483 1121 sine
1511 1065 1910 1142 subscriptione
1941 1064 2011 1121 ad

289 1182 347 1217 se
381 1161 671 1233 dederant,
704 1175 1012 1234 evocasset,
1047 1183 1117 1219 ne
1140 1163 1311 1219 verbo
1345 1163 1567 1240 quidem
1597 1165 1915 1237 insectatuS,
1948 1186 2011 1220 ac

287 1262 670 1320 tantummodo
690 1264 868 1340 jussos
896 1263 1262 1337 subscribere,
1291 1264 1516 1320 remisit.
1537 1266 1815 1343 Diogenes
1841 1285 2014 1342 gram-

289 1363 550 1435 maticuS,
599 1363 879 1441 disputare
921 1363 1160 1420 sabbatis
1199 1364 1386 1420 Rhodi
1434 1363 1656 1438 solituS,
1699 1366 2012 1420 venientem

291 1483 445 1535 eum,
487 1475 551 1519 ut
594 1484 651 1519 se
693 1475 846 1520 extra
883 1464 1133 1520 ordinem
1177 1463 1421 1537 audiret,
1453 1486 1565 1520 non
1597 1464 1917 1537 admiserat,
1949 1486 2014 1522 ac

290 1582 391 1639 per
426 1562 701 1620 servulum
739 1584 897 1620 suum
927 1564 984 1620 in
1019 1565 1310 1641 septimum
1343 1563 1488 1620 diem
1521 1563 1821 1621 distulerat.
1851 1567 2013 1621 Hunc

290 1668 509 1738 Romae,
539 1665 810 1722 salutandi
839 1667 922 1722 sui
950 1687 1114 1722 causa
1132 1687 1247 1743 vpro
1275 1666 1483 1721 foribus
1513 1666 1847 1738 adstantem,
1877 1665 2011 1722 nihil

290 1765 549 1843 ampliuS,
579 1787 742 1842 quarn
771 1777 833 1821 ut
859 1777 983 1843 post
1010 1766 1302 1843 septimum
1331 1787 1538 1822 annum
1568 1766 1799 1838 rediret,
1826 1766 2016 1822 admo·

290 1866 427 1921 nuit.
462 1865 817 1938 Praesidibus,
849 1865 1157 1922 onerandas
1195 1866 1402 1922 tributo
1436 1867 1747 1943 provincias
1786 1865 2016 1922 suaden-

289 1965 468 2038 tibus,
506 1967 822 2044 rescripsit:
855 1990 882 2019 «
902 1966 1039 2023 Boni
1079 1967 1314 2044 pastoris
1350 1987 1501 2039 esse,
1541 1965 1772 2023 tondere
1811 1987 1979 2044 pecus
1999 2009 2014 2038 ,

289 2086 403 2121 non
437 2065 800 2144 deglubere.»

275 2169 282 2247 j
368 2168 632 2222 XXXIII.
666 2165 938 2224 Paulatim
968 2169 1275 2246 principem
1312 2168 1584 2240 exseruit,
1613 2167 1974 2246 praestititque
2001 2188 2014 2222 ε

293 2266 391 2321 etsi
424 2266 639 2323 varium
669 2266 764 2323 diu
781 2309 797 2339 ,
829 2267 1257 2324 commodiorem
1283 2280 1467 2324 tamen
1492 2268 1714 2344 saepiuS,
1742 2279 1796 2323 et
1824 2266 1894 2322 ad
1917 2267 2020 2322 uti-

291 2364 469 2422 litates
498 2364 743 2442 publicas
771 2368 1105 2444 proniorem.
1132 2370 1211 2424 Ac
1233 2369 1414 2445 primo
1440 2379 1664 2424 eatenus
1689 2366 2018 2422 intervenie-

291 2466 419 2539 bat,
467 2487 538 2523 ne
582 2466 715 2543 quid
754 2487 1046 2544 perperam
1081 2466 1252 2524 fieret.
1292 2471 1486 2544 Itaque
1518 2479 1575 2523 et
1603 2466 2018 2524 constitutiones

293 2566 558 2642 quasdam
586 2579 804 2624 senatus
833 2568 1084 2640 rescidit,
1114 2580 1168 2624 et
1194 2567 1602 2645 magistratibus
1629 2587 1732 2644 pro
1756 2563 2017 2622 tribunali

294 2666 748 2744 cognoscentibus
771 2666 1096 2745 plerumque
1116 2688 1173 2724 se
1189 2667 1460 2724 offerebat
1478 2665 1849 2725 consiliarium
1863 2709 1879 2739 ,
1897 2666 2021 2721 assi-

295 2765 568 2842 debatque
593 2766 817 2842 juxtim,
846 2766 932 2822 vel
964 2787 1031 2822 ex
1057 2766 1287 2823 adverso
1318 2769 1375 2823 in
1409 2779 1567 2844 parte
1595 2767 1824 2844 primori
1851 2786 1864 2821 ε
1895 2777 1950 2821 et
1974 2765 2019 2821 si

296 2886 460 2943 quem
491 2886 712 2924 reorum
740 2864 880 2923 elabi
909 2867 1114 2944 gratia,
1143 2887 1334 2923 rumor
1361 2868 1528 2939 esset,
1557 2867 1768 2924 subitus
1803 2864 2020 2937 aderat,

290 2965 612 3043 judicesque
631 2978 725 3022 aut
747 2986 778 3022 e
803 2964 968 3043 plano
983 3009 999 3036 ‚
1024 2978 1119 3022 aut
1147 2987 1176 3021 e
1200 2967 1503 3042 quaesitoris
1524 2964 1811 3038 tribunali,
1837 2964 2020 3042 legum

298 3077 354 3121 et
387 3064 695 3144 religionis,
738 3077 794 3121 et
829 3086 1010 3137 noxae,
1057 3065 1126 3121 de
1164 3085 1272 3141 qua
1306 3077 1732 3141 cognoscerent,
1763 3063 2023 3120 admonc-

297 3166 394 3223 bat
418 3187 430 3222 z
461 3178 625 3242 atque
655 3167 817 3222 etiam
837 3209 852 3238 ,
876 3167 920 3222 si
941 3186 1050 3242 qua
1081 3166 1137 3221 in
1165 3165 1398 3242 publicis
1428 3164 1670 3220 moribus
1697 3163 1904 3219 desidia
1926 3175 2020 3219 aut

300 3264 443 3322 mala
469 3265 866 3322 consuetudine
897 3264 1174 3337 labarent,
1210 3264 1533 3341 corrigenda
1561 3265 1811 3340 suscepit.
