2372 3918
1011 261 1213 307 NERO.
1882 279 1939 322 27
1954 281 1968 309 ι

266 386 411 445 sent,
445 374 499 429 in
536 370 776 428 medium
803 364 1056 424 manibus
1079 366 1191 423 suis
1222 366 1566 444 protrahens.
1598 371 1977 429 Destinaverat

263 475 427 532 etiam
443 517 459 547 ,
489 476 618 550 quia
646 466 955 549 Apollinem
979 477 1143 522 cantu
1159 509 1174 538 ‚
1200 465 1383 524 Solem
1404 468 1708 545 aurigando
1742 473 1979 551 aequipa-

264 595 387 633 rare
430 574 846 641 existimaretur,
885 567 1087 624 imitari
1130 579 1183 623 et
1217 566 1467 625 Herculis
1507 567 1680 641 facta;
1708 590 1979 649 praepara·

262 659 491 753 tumque
518 672 729 730 leonem
756 669 912 726 aiunt
929 710 946 739 ,
975 687 1140 744 quem
1176 667 1261 724 vel
1302 666 1484 742 clava,
1512 668 1599 725 vel
1627 669 1976 728 brachiorum

263 777 516 847 nexibuS,
547 774 604 830 in
633 769 1035 849 Amphitheatri
1065 789 1262 844 arena,
1295 782 1575 848 spectante
1606 769 1814 850 populo
1832 815 1847 841 ‚
1879 792 1980 829 nu·

260 876 363 934 dus
388 875 626 941 elideret.

342 978 489 1035 LIV.
527 975 640 1032 Sub
674 975 823 1031 exitu
863 972 1086 1051 quidem
1130 975 1254 1030 vitae
1290 973 1471 1051 palam
1505 985 1758 1046 voverat,
1793 974 1838 1030 si
1875 973 1979 1030 sibi

264 1075 552 1134 incolumis
588 1086 760 1132 status
798 1075 1209 1153 permansisset,
1233 1074 1583 1152 proditurum
1617 1095 1674 1131 se
1707 1085 1875 1152 partae
1903 1075 1983 1129 vi·

263 1177 448 1234 ctoriae
479 1175 621 1234 ludis
649 1177 814 1233 etiam
835 1174 1193 1254 hydraulam,
1224 1187 1281 1232 et
1312 1175 1662 1246 choraulam,
1697 1187 1754 1232 et
1782 1176 1983 1232 utricu-

258 1276 491 1350 larium,
535 1298 598 1334 ac
645 1277 942 1336 novissimo
989 1275 1079 1333 die
1138 1277 1462 1333 histrionem
1481 1320 1497 1345 ‚
1549 1275 1983 1354 saltaturumque

261 1376 480 1455 Virgilii
503 1380 771 1434 Turnum.
795 1379 868 1433 Et
895 1389 1024 1434 sunt
1041 1420 1057 1447 ,
1082 1378 1176 1454 qui
1211 1376 1459 1448 tradant,
1483 1377 1736 1433 Paridem
1764 1377 1984 1434 histrio-

261 1499 388 1536 nem
422 1476 662 1536 occisum
692 1478 762 1535 ab
786 1499 878 1547 e0‚
914 1479 1069 1554 quasi
1097 1497 1320 1556 gravem
1350 1477 1737 1535 adversarium.

342 1583 460 1638 LV.
505 1584 640 1638 Erat
675 1578 755 1636 illi
791 1580 1113 1636 aeternitatis
1142 1591 1530 1656 perpetuaeque
1559 1579 1715 1635 famae
1745 1579 1946 1656 cupido
1965 1624 1981 1650 ‚

264 1680 357 1738 sed
389 1679 734 1752 inconsulta3
763 1678 994 1755 ideoque
1018 1677 1203 1734 multis
1230 1680 1394 1735 rebus
1422 1699 1485 1735 ac
1518 1678 1651 1736 locis
1678 1692 1859 1735 vetere
1881 1700 1982 1758 ap-

262 1781 554 1860 pellatione
576 1780 850 1851 detracta,
879 1799 1079 1835 novam
1109 1777 1325 1835 induxit
1344 1799 1410 1835 ex
1436 1800 1537 1835 suo
1561 1781 1799 1836 nomine.
1827 1783 1985 1836 Men-

183 1927 191 1938 .
261 1902 374 1939 sem
405 1900 626 1958 quoque
653 1878 880 1957 aprilem
906 1880 1224 1936 Neroneum
1252 1877 1562 1956 appellavit.
1595 1882 1984 1939 Destinaverat

261 1994 315 2038 et
341 1985 573 2040 Romam
602 1978 911 2058 Neropolin
940 1999 1277 2058 nuncupare.

342 2085 489 2139 LVI.
545 2080 910 2160 Religionum.
956 2100 1347 2158 usquequaque
1398 2093 1729 2154 contemtor,
1789 2096 1984 2160 praeter

265 2185 428 2239 unius
462 2182 576 2238 deae
612 2183 797 2259 Syriae.
832 2185 989 2239 Hanc
1027 2202 1158 2238 mox
1190 2183 1266 2238 ita
1297 2183 1537 2260 sprevit,
1569 2195 1630 2239 ut
1663 2184 1822 2240 urina
1852 2206 1984 2242 con-

267 2285 592 2355 taminaret;
629 2282 734 2339 alia
772 2283 1155 2360 superstitione
1186 2295 1404 2362 captus,
1437 2284 1494 2340 in
1525 2305 1636 2360 qua
1666 2284 1782 2341 sola
1815 2288 1982 2364 perti-

263 2386 549 2442 nacissime
591 2384 762 2440 haesit.
803 2383 1084 2460 Siquidem
1131 2383 1441 2441 icunculam
1476 2383 1775 2461 puellarem
1812 2407 1983 2462 quum

265 2486 419 2563 quasi
448 2484 752 2542 remedium
783 2483 1106 2541 insidiarum
1133 2505 1163 2540 a
1188 2483 1402 2562 plebeio
1429 2485 1668 2561 quodam
1698 2497 1753 2541 et
1791 2487 1982 2563 ignoto

267 2586 480 2642 muneri
519 2586 842 2663 accepisset,
876 2583 1088 2642 detecta
1117 2584 1403 2641 confestim
1440 2586 1847 2662 conjuratione,
1882 2608 1985 2664 pro

268 2707 483 2744 summo
517 2687 773 2759 numine,
799 2687 1067 2764 trinisque
1102 2687 1160 2743 in
1189 2686 1276 2743 die
1306 2685 1585 2743 sacrificiis
1603 2731 1618 2760 ,
1652 2686 1831 2745 colere
1860 2709 1985 2766 per-

267 2784 532 2845 severavit
560 2808 573 2844 ε
603 2777 1105 2865 νοὶθδειῖφιέοτεᾶἱ
1132 2788 1435 2844 monitione
1479 2788 1598 2865 ejus
1634 2788 1821 2845 futura
1852 2810 1987 2867 prae·

266 2908 506 2945 noscere.
535 2890 674 2945 Ante
697 2909 926 2966 paucOS,
955 2909 1119 2966 quam
1149 2888 1380 2966 periret,
1405 2908 1642 2962 menses,
1674 2888 1909 2946 attendit
1932 2902 1987 2945 et

267 2991 575 3068 extispiciO,
605 3010 703 3047 nec
727 3011 970 3068 unquam
995 2990 1190 3048 litavit.

346 3093 518 3148 LVII.
563 3090 720 3147 Obiit
758 3090 998 3148 secundo
1035 3104 1090 3148 et
1131 3093 1406 3149 tricesimo
1443 3095 1614 3149 aetatis
1651 3114 1832 3163 ann0,
1868 3092 1984 3164 die,

269 3212 380 3267 quo
420 3190 700 3268 quondam
740 3193 1028 3248 Octaviam
1057 3194 1446 3263 interemerat,
1484 3205 1808 3269 tantumque
1849 3213 1981 3270 gau-

267 3290 415 3348 dium
439 3290 656 3370 publice
682 3291 913 3369 praebuit
933 3334 947 3363 ,
969 3303 1030 3348 ut
1051 3292 1202 3371 plebs
1231 3294 1429 3372 pileata
1462 3306 1575 3350 tota
1604 3294 1759 3351 Urbe
1777 3293 1985 3351 discur-
