2372 3918
344 271 363 302 1
378 272 394 301 1
407 265 430 300 8
1011 253 1062 297 C.
1099 250 1387 297 SUETONII

337 357 590 435 gentibus
628 357 798 435 copiis
834 354 1220 426 Asdrubalem,
1257 354 1574 431 priusquam
1607 352 1866 409 Annibali
1899 354 2051 409 fratri

334 457 782 534 conjungeretur,
809 455 1095 533 oppressit.
1121 457 1329 510 Contra
1356 453 1620 511 Claudius
1642 455 1849 531 Appius
1873 453 2051 530 Regil-

336 554 523 627 lanuS,
551 557 840 612 Decemvir
869 553 1081 631 legibus
1111 553 1432 625 scribendis,
1465 554 1731 630 virginem
1761 554 2050 630 ingenuam

334 674 432 729 per
454 655 584 726 vim,
608 653 847 709 libidinis
872 654 1072 731 gratia,
1101 654 1159 708 in
1189 654 1503 709 servitutem
1533 673 1767 709 asserere
1795 664 2047 722 conatuS,

333 773 494 808 causa
535 751 683 830 plebi
725 752 831 808 fuit
876 751 1158 809 secedendi
1194 773 1384 808 rursus
1417 773 1450 808 a
1484 752 1752 808 Patribus.
1788 750 2051 809 Claudius

333 853 572 922 DrusuS,
604 863 783 907 statua
814 852 916 907 sibi
947 872 1072 908 cum
1105 851 1408 908 diademate
1440 853 1509 910 ad
1534 854 1699 930 Appii
1725 856 1929 908 Forum
1956 872 2053 928 po-

332 951 465 1023 sita,
504 950 719 1006 Italiam
760 973 858 1029 per
900 950 1175 1008 clientelas
1206 972 1476 1031 occupare
1507 953 1752 1018 tentavit.
1787 950 2050 1009 Claudius

332 1049 566 1107 Pulcher
603 1051 750 1129 apud
795 1052 1058 1123 Siciliam,
1092 1073 1204 1108 non
1239 1053 1588 1130 pascentibus
1625 1054 1682 1108 in
1716 1051 2049 1129 auspicando

332 1149 492 1227 pullis
511 1194 526 1223 ,
551 1171 614 1207 ac
642 1172 740 1229 per
762 1164 1099 1208 contemtum
1123 1150 1399 1230 religionis
1423 1153 1562 1208 mari
1588 1152 1869 1223 demersis,
1895 1153 2049 1228 quasi

335 1264 395 1308 ut
423 1253 703 1327 biberent,
738 1253 959 1330 quando
983 1274 1097 1310 esse
1123 1252 1359 1327 nollent,
1387 1251 1636 1331 proelium
1667 1252 1858 1309 navale
1886 1254 2007 1308 iniit
2032 1275 2045 1308 ε

331 1365 751 1430 superatusque,
788 1375 959 1429 quum
990 1353 1312 1410 dictatorem
1345 1354 1522 1408 dicere
1550 1373 1582 1407 a
1609 1365 1801 1409 senatu
1829 1353 2049 1428 jubere-

332 1464 447 1523 tur,
489 1451 642 1509 velut
682 1453 883 1508 iterum
925 1451 1157 1508 illudens
1193 1452 1497 1508 discrimini
1530 1450 1784 1528 publico,
1816 1450 2050 1507 Gliciam

333 1552 595 1608 viatorem
625 1574 786 1608 suum
811 1553 962 1621 dixit.
986 1556 1219 1610 Exstant
1249 1564 1304 1608 et
1330 1550 1660 1608 feminarum
1682 1549 1952 1628 exempla,
1975 1551 2051 1606 di-

330 1673 487 1708 versa
523 1673 674 1729 aeque
712 1674 725 1708 ε
767 1653 1034 1728 siquidem
1075 1653 1250 1729 gentis
1282 1651 1526 1727 ejusdem
1556 1663 1788 1727 utraque
1822 1650 2052 1708 Claudia

330 1751 433 1806 fuit
450 1794 464 1823 ,
494 1764 548 1807 et
577 1773 699 1828 quae
721 1773 913 1807 navem
937 1773 1064 1808 cum
1087 1753 1252 1808 sacris
1277 1752 1466 1807 matris
1492 1753 1674 1807 Deum
1697 1749 1852 1810 Idaeae
1875 1750 2050 1806 obhae-

330 1863 540 1906 rentem
574 1852 831 1907 Tiberino
870 1850 1011 1907 vado
1046 1852 1303 1922 extraxit,
1336 1862 1556 1927 precata
1594 1848 1904 1927 propalam,
1944 1873 1971 1901 «
1988 1861 2051 1904 ut

329 1951 404 2006 ita
440 1950 660 2006 demum
693 1971 748 2006 se
782 1964 1131 2026 sequeretur,
1168 1953 1213 2007 si
1252 1951 1353 2006 sibi
1388 1950 1655 2027 pudicitia
1685 1961 1993 2019 constaret;
2022 1973 2050 2001 >2

328 2062 383 2105 et
426 2070 544 2126 quae
586 2071 730 2106 novo
765 2071 917 2106 more
954 2051 1225 2127 judicium
1263 2051 1558 2128 majestatis
1597 2049 1746 2127 apud
1781 2049 2048 2127 populum

328 2148 526 2205 mulier
556 2150 753 2221 subiit,
784 2151 933 2227 quod
961 2152 1017 2206 in
1048 2151 1291 2208 conferta
1314 2149 1665 2206 multitudine
1689 2170 1829 2227 aegre
1857 2171 2047 2227 proce-

326 2247 492 2306 dente
532 2263 793 2327 carpento
829 2250 1011 2329 palam
1048 2263 1360 2330 optaverat,
1401 2276 1427 2304 «
1455 2263 1519 2306 ut
1557 2249 1724 2306 frater
1759 2271 1890 2306 suus
1917 2249 2048 2307 Pul-

327 2350 457 2406 cher
496 2352 872 2425 revivisceret,
908 2364 1072 2428 atque
1113 2353 1312 2408 iterum
1347 2350 1572 2421 classem
1603 2351 1899 2420 amitteret,
1935 2372 2046 2426 quo

327 2451 508 2506 minor
558 2451 722 2507 turba
767 2455 954 2508 Romae
994 2451 1151 2508 foret.
1185 2476 1213 2506 »
1253 2455 1518 2507 Praeterea
1551 2450 1893 2506 notissimum
1933 2463 2045 2520 est,

326 2552 584 2610 Claudios
629 2575 847 2624 omneS,
890 2566 1130 2631 excepto.
1155 2554 1421 2633 duntaxat
1453 2556 1512 2608 P.
1550 2551 1769 2624 Clodio,
1809 2554 1934 2629 qui,
1974 2554 2044 2609 ob

327 2652 707 2730 expellendum
748 2654 899 2711 Urbe
939 2655 1286 2726 Ciceronem,
1333 2653 1546 2731 plebeio
1594 2653 1834 2723 homini,
1881 2665 2044 2730 atque

326 2753 490 2809 etiam
526 2765 660 2809 natu
697 2755 926 2827 minori,
970 2756 1027 2810 in
1067 2754 1415 2832 adoptionem
1454 2775 1509 2810 se
1544 2753 1721 2827 dedit,
1760 2756 2046 2832 optimates

326 2865 724 2930 assertoresque
766 2845 958 2910 unicos
987 2854 1267 2932 dignitatis
1297 2876 1361 2912 ac
1400 2856 1656 2931 potentiae
1690 2856 2045 2932 patriciorum

326 2972 538 3029 semper
572 2953 770 3028 fuisse,
802 2967 965 3030 atque
995 2955 1254 3010 adversus
1286 2953 1497 3032 plebem
1516 2954 1665 3031 'adeo
1696 2954 1961 3011 violentos
1991 2968 2045 3010 et

327 3063 670 3117 contumaces
689 3098 703 3126 ,
745 3069 807 3113 ut
847 3075 914 3110 ne
950 3056 1140 3131 capitis
1174 3054 1394 3131 quidem
1426 3057 1715 3133 quisquam
1746 3076 1869 3111 reus
1898 3055 2045 3132 apud

326 3152 594 3228 populum
623 3167 835 3211 mutare
860 3168 1062 3212 vestem
1079 3200 1095 3227 ,
1116 3168 1210 3212 aut
1233 3156 1511 3234 deprecari
1538 3157 1880 3225 sustinuerit3
1908 3176 2043 3210 non-

328 3251 458 3306 nulli
493 3255 546 3308 in
583 3255 932 3310 altercatione
965 3268 1015 3311 et
1055 3257 1239 3332 jurgio
1276 3258 1551 3312 Tribunos
1588 3255 1756 3332 plebis
1790 3255 2040 3333 pulsave-
