2372 3918
345 276 401 326 τι.
1009 268 1058 314 c.
1091 267 1378 314 sumonn

326 378 329 379 ⁷
419 373 699 429 XXXVII.
732 372 968 448 Quoque
995 370 1178 448 plures
1209 383 1420 447 partem
1460 369 1900 426 administrandae
1929 371 2035 426 rei-

340 470 568 549 publicae
594 483 849 548 caperent
867 514 882 541 ,
911 491 1054 527 nova
1083 469 1262 526 officia
1294 470 1618 547 excogitavit
1654 490 1667 524 z
1699 489 1886 525 curam
1913 489 2040 545 ope-

339 590 464 628 rum
494 570 841 647 publicorum
857 612 872 641 ,
890 569 1101 624 viarum
1119 611 1135 641 ,
1165 588 1432 644 aquarum
1448 611 1463 641 ,
1490 567 1627 625 alvei
1660 568 1895 639 Tiberis,
1922 567 2040 624 fru-

340 673 508 728 menti
543 669 749 748 populo
781 667 1066 725 dividundi
1081 709 1095 738 ,
1119 667 1494 744 praefecturam
1512 668 1702 740 Urbis,
1726 667 2041 723 triumvira-

338 786 459 828 tum
494 770 708 848 legendi
736 779 977 840 senatuS,
1011 778 1066 823 et
1105 766 1338 822 alterum
1372 767 1797 844 recognoscendi
1833 779 2043 822 turmas

339 872 610 948 equitum,
639 868 1072 945 quotiescunque
1090 852 1229 943 opus
1257 877 1412 922 esset.
1439 869 1706 924 Censores
1722 908 1738 939 ,
1761 866 1932 922 creari
1956 864 2042 921 de-

341 973 495 1043 sitoS‚
560 968 723 1047 longo
777 965 1062 1024 intervallo
1117 965 1322 1022 creavit
1351 986 1364 1021 :
1398 970 1691 1022 numerum
1747 976 2042 1042 praetorum

340 1072 506 1127 auxit.
541 1069 736 1146 Exegit
771 1068 935 1123 etiam
967 1078 1028 1121 ut
1062 1066 1273 1143 quoties
1304 1063 1617 1121 consulatus
1653 1064 1754 1121 sibi
1788 1062 2044 1136 daretur,

339 1172 496 1226 binos
532 1190 632 1247 pro
665 1165 891 1244 singulis
919 1164 1151 1242 collegas
1176 1164 1434 1220 haberet:
1455 1185 1556 1220 nec
1582 1164 1846 1236 obtinuit,
1873 1161 2044 1219 recla-

341 1270 617 1326 mantibus
646 1267 879 1337 cunctiS,
914 1265 1038 1322 satis
1072 1265 1408 1341 majestatem
1442 1264 1559 1340 ejus
1590 1264 1866 1336 imminui,
1895 1261 2043 1338 quod

341 1370 605 1424 honorem
636 1388 761 1422 eum
790 1387 902 1421 non
926 1363 1098 1436 solus,
1134 1363 1228 1419 sed
1260 1384 1388 1419 cum
1421 1362 1619 1434 alter0,
1644 1375 1871 1439 gereret.

425 1468 744 1524 XXXVIII.
778 1467 895 1522 Nec
923 1464 1141 1541 parcior
1171 1464 1228 1517 in
1252 1460 1445 1517 bellica
1475 1463 1676 1517 virtute
1702 1461 2046 1534 honoranda,

342 1589 505 1646 super
555 1566 781 1643 triginta
835 1563 1065 1620 ducibus
1095 1564 1271 1640 justos
1316 1562 1655 1638 triumphos,
1683 1574 1738 1617 et
1765 1560 2045 1638 aliquanto

343 1668 593 1745 pluribus
643 1661 994 1740 triumphalia
1062 1673 1382 1718 ornamenta
1424 1659 1763 1716 decernenda
1818 1662 2046 1717 curavit.

345 1766 556 1823 Liberis
581 1775 894 1820 senatorum
913 1804 928 1834 ,
953 1781 1061 1836 quo
1081 1759 1307 1816 celerius
1337 1757 1642 1836 reipublicae
1661 1766 2046 1833 assuescerent,

349 1866 600 1943 protinus
627 1861 840 1918 virilem
871 1873 1079 1937 togam,
1109 1858 1282 1915 latum
1327 1858 1541 1914 clavum
1572 1857 1828 1930 induere,
1862 1871 1916 1915 et
1954 1880 2048 1915 cu-

347 1967 437 2021 riae
466 1966 718 2019 interesse
767 1960 1044 2038 permisit,
1079 1957 1438 2034 militiamque
1484 1958 1892 2034 auspicantibus
1933 1979 2045 2013 non

350 2065 692 2120 tribunatum
722 2060 885 2117 modo
915 2058 1192 2136 legionum
1211 2100 1226 2129 ,
1256 2057 1347 2113 sed
1386 2068 1438 2113 et
1467 2057 1810 2134 praefecturas
1838 2055 2046 2112 alarum

351 2163 528 2219 dedit:
549 2182 611 2217 ac
639 2181 708 2218 ne
742 2160 862 2235 quis
891 2178 1082 2234 expers
1103 2167 1407 2213 castrorum
1438 2167 1606 2227 esset,
1631 2156 1788 2211 binos
1812 2155 2049 2232 plerum-

350 2284 454 2340 que
482 2259 780 2316 laticlavios
811 2256 1107 2334 praeposuit
1135 2254 1359 2332 singulis
1396 2253 1510 2310 alis.
1541 2255 1801 2331 Equitum
1839 2266 2048 2310 turmas

351 2363 660 2436 frequenter
683 2357 1026 2433 recognovit,
1057 2366 1180 2431 post
1209 2353 1428 2430 longam
1464 2353 1921 2429 intercapedinem
1959 2374 2047 2408 re-

352 2461 517 2515 ducto
540 2477 689 2512 more
706 2455 1133 2511 transvectioniS.
1161 2451 1268 2509 Sed
1293 2472 1471 2527 neque
1487 2451 1698 2506 detrahi
1716 2472 2045 2527 quemquam

352 2560 407 2614 in
435 2553 834 2612 transvehendo
862 2553 928 2607 ab
957 2563 1267 2607 accusatore
1294 2570 1485 2627 passus
1509 2561 1617 2622 est,
1642 2550 1791 2625 quod
1819 2550 1935 2606 fieri
1958 2572 2046 2607 so·

353 2657 521 2727 lebat3
549 2666 604 2709 et
635 2652 784 2708 senio
815 2649 897 2706 vel
939 2648 1119 2725 aliqua
1155 2650 1396 2729 corporis
1433 2646 1552 2703 labe
1596 2649 1898 2725 insignibus
1928 2671 2048 2727 per-

355 2755 528 2825 misit,
578 2751 854 2829 praemisso
903 2749 961 2803 in
1012 2748 1203 2804 ordine
1243 2768 1416 2823 equ0,
1460 2747 1529 2802 ad
1579 2748 2044 2824 respondendum,

356 2854 568 2929 quoties
600 2852 923 2920 citarentur,
953 2847 1180 2924 pedibus
1209 2848 1393 2903 venire
1423 2867 1436 2901 ε
1472 2866 1599 2902 mox
1628 2846 1891 2902 reddendi
1922 2848 2046 2922 equi

357 2952 585 3028 gratiam
615 2949 759 3008 fecit„
773 2948 879 3017 eis,
910 2947 1004 3022 qui
1035 2947 1263 3022 majores
1297 2951 1568 3003 annorum
1599 2947 1839 3020 quinque
1864 2957 1918 3000 et
1944 2946 2043 2999 tri-

357 3052 508 3126 ginta
537 3048 769 3103 retinere
796 3065 922 3101 eum
953 3043 1175 3100 nollent.
1251 3067 1260 3074 ·

437 3147 693 3203 XXXIX.
727 3144 1142 3219 Impetratisque
1170 3162 1199 3196 a
1234 3154 1422 3197 senatu
1454 3142 1639 3198 decem
1672 3143 2039 3218 adjutoribus,

362 3263 799 3317 unumquemque
826 3241 1070 3315 equitum
1112 3241 1374 3295 rationem
1405 3242 1526 3297 vitae
1561 3240 1784 3296 reddere
1820 3244 1996 3318 coegit
2027 3266 2039 3299 ε
