2372 3918
402 363 417 391 1
428 348 489 408 98
1167 346 1357 391 NOTAE

467 445 750 492 Belluarum.
777 446 959 504 Nempe
982 441 1267 489 marinarum
1284 478 1298 502 ,
1329 458 1412 489 seu
1435 442 1735 488 balaenarum.

464 520 575 566 Cn.
607 522 832 568 LXXIII.
872 519 1218 566 Instrumentz'...
1243 519 1563 581 supellectilis.
1587 545 1653 553 --
1679 520 2045 565 laser-amentum
2081 528 2125 564 et

395 598 729 657 supellectilem
767 596 1029 659 distingue;
1066 595 1188 642 illud
1219 595 1280 642 ad
1302 596 1646 654 necessitatem,
1681 596 1778 641 haec
1816 595 1876 640 ad
1905 605 2125 641 ornatum

395 673 615 735 pertinet.
638 674 758 720 Inde
783 676 991 732 Colum.,
1015 674 1076 718 de
1098 674 1167 717 Re
1188 684 1299 719 rust.
1316 707 1328 728 ‚
1361 689 1439 719 x11
1453 708 1466 731 ‚
1490 673 1516 719 3
1557 689 1568 718 ε
1604 692 1623 713 «
1647 672 1923 732 Praeparatis
1946 672 2129 733 idoneis

395 749 512 798 locis
534 750 898 797 instrumentum
923 759 969 795 et
993 744 1328 810 supellectilem
1358 749 1643 796 distribuere
1669 749 1910 810 coepimus.
1935 771 1953 791 »

470 828 618 875 Veste.
657 828 735 875 Sic
770 828 914 874 verba
950 843 1132 888 ponere
1163 827 1330 874 suadet
1361 827 1640 874 Torrentius
1679 843 1819 889 quem
1865 836 2131 889 sequuntur

388 904 566 967 »optimi
597 904 878 966 interpretes
914 921 925 949 :
963 925 982 945 «
1005 907 1146 951 Veste
1175 920 1275 950 non
1309 913 1485 952 temere
1520 905 1610 951 alia
1640 903 1896 951 domestica
1918 920 2031 951 usus
2064 914 2133 951 est

395 995 544 1044 quam
574 982 634 1027 ab
657 997 836 1041 uxore,
872 990 959 1027 etc.
991 1002 1010 1020 »

466 1059 707 1105 Forensia.
734 1058 843 1104 Scil.
868 1058 1144 1104 vestimenta
1169 1073 1274 1119 quae
1300 1057 1494 1103 fuerunt
1523 1067 1632 1119 toga
1648 1091 1660 1111 ‚
1681 1060 1899 1113 lacerna,
1916 1059 2132 1118 poenula.

399 1136 604 1194 Nonius,
627 1152 673 1194 1,
706 1137 733 1184 3
759 1153 770 1181 :
800 1156 818 1176 «
844 1137 1004 1197 Toga,
1033 1133 1155 1182 sicut
1180 1134 1231 1180 in
1262 1134 1607 1182 consuetudine
1638 1135 1856 1193 habetur,
1878 1134 2134 1181 vestimen-

401 1223 504 1260 tum
528 1223 598 1261 est
626 1230 726 1275 quo
749 1214 800 1259 in
821 1214 928 1258 foro
951 1212 1144 1259 utimur.
1170 1233 1191 1253 »

469 1291 676 1337 Calceos.
715 1289 870 1337 Calcei
899 1299 1055 1335 totum
1084 1289 1258 1350 pedem
1287 1297 1334 1335 et
1369 1287 1531 1335 infime
1572 1297 1622 1334 et
1656 1302 1860 1348 superne
1893 1287 2137 1349 tegebant,

398 1381 549 1429 eaque
580 1367 764 1414 ratione
795 1356 1208 1429 distinguebantur
1229 1383 1258 1413 a
1287 1366 1427 1412 soleis
1444 1402 1457 1424 ,
1490 1381 1596 1427 quae
1624 1366 1835 1426 plantam
1857 1364 1992 1425 pedis
2023 1372 2135 1409 tan-

399 1452 502 1490 tum
529 1445 813 1502 vestiebant,
838 1444 1084 1504 superiore
1107 1453 1244 1505 parte
1259 1443 1403 1490 nuda.
1433 1442 1627 1489 Calceos
1641 1458 1743 1489 non
1768 1443 2015 1488 sumebant
2031 1444 2137 1487 Ro-

398 1522 549 1581 mani,
569 1521 659 1568 nisi
683 1538 833 1583 quum
858 1520 1145 1567 forasirent.

467 1602 579 1648 Cn.
622 1601 848 1647 LXXIV.
887 1601 1047 1644 Recta.
1087 1599 1256 1659 Suppl.
1295 1612 1429 1645 coena
1466 1615 1479 1643 z
1525 1606 1595 1643 est
1634 1612 1750 1643 vero
1797 1606 1924 1642 recta
1963 1611 2098 1640 coena
2121 1628 2135 1649 ,

399 1679 553 1736 lauta,
584 1677 805 1724 omnihus
826 1676 981 1723 modis
1004 1675 1246 1723 instructa.
1272 1677 1414 1721 Mart.
1431 1711 1454 1740 ,γ
1479 1691 1580 1733 vn,
1611 1690 1696 1732 17,
1724 1660 1752 1718 a
1779 1690 1791 1719 :

579 1832 742 1872 Rectam
764 1837 924 1871 vocatus
947 1842 1070 1884 quum
1094 1827 1264 1870 recurrit
1285 1828 1336 1869 ad
1358 1840 1525 1868 eoenam.

477 1977 693 2024 Valerius
716 1976 950 2021 Messala.
975 1975 1243 2036 Intelligere
1264 1974 1394 2031 licet,
1410 1964 1463 2019 in
1484 1972 1609 2018 libro
1634 1987 1779 2033 quem
1799 1986 1942 2017 senex
1967 1970 2028 2016 de
2052 1986 2139 2016 ro-

403 2053 552 2100 manis
579 2052 766 2100 familiis
787 2049 995 2112 scripsit,
1032 2059 1148 2098 teste
1169 2050 1286 2097 Plin.
1301 2084 1316 2109 ,
1350 2052 1410 2096 H.
1440 2051 1502 2095 Ν.
1518 2085 1533 2106 ,
1562 2064 1718 2107 xxxv,
1744 2063 1771 2093 2
1787 2083 1801 2106 ‚
1827 2056 1874 2092 et
1896 2049 2058 2104 Voss.,
2081 2048 2141 2090 de

405 2130 525 2175 Hist.
552 2132 663 2184 lat„
690 2145 761 2186 11,
781 2127 867 2174 218.

471 2209 634 2252 Mena.
659 2209 732 2253 De
760 2220 859 2266 quo
882 2205 1076 2263 Horat„
1099 2205 1257 2265 Epod.
1272 2237 1288 2260 ‚
1317 2220 1395 2262 lv,
1425 2212 1473 2250 et
1498 2205 1652 2264 Epist.
1667 2237 1682 2262 ,
1720 2219 1737 2247 1
1753 2237 1768 2261 ,
1803 2217 1849 2259 7,
1881 2200 1959 2246 61.

476 2283 705 2328 Classem.
727 2283 849 2339 Dio,
873 2296 1055 2339 XLVIII,
1077 2296 1126 2341 p.
1156 2280 1252 2336 384
1278 2297 1290 2326 :
1317 2289 1399 2334 Τήν
1426 2305 1471 2331 τε
1485 2293 1604 2336 νῆσον
1631 2288 1741 2344 αὐτῷ
1765 2283 1835 2329 καὶ
1861 2285 1907 2327 τὸ
1930 2284 2132 2332 ναυτικὸν,

405 2369 453 2411 τό
479 2384 526 2410 τε
549 2369 646 2411 ἄλλο
671 2367 934 2425 στράτευμα,
955 2363 1026 2407 καὶ
1056 2367 1197 2408 ἑαυτὸν
1220 2361 1462 2423 παρέδωκε.

474 2439 762 2499 Speculator.
791 2437 851 2482 H.
876 2451 918 2482 e.
942 2434 1137 2481 satelles.

473 2514 773 2561 Provocabat.
797 2515 953 2569 Quem
975 2510 1182 2556 imitatus
1213 2518 1283 2556 est
1303 2511 1548 2570 Trajanus.
1582 2509 1730 2569 Plin.,
1754 2511 1936 2569 Paneg.
1952 2541 1967 2563 ,
1997 2522 2143 2563 xmx,

392 2593 438 2640 ,5
462 2608 476 2638 t
499 2611 521 2633 (ι
539 2593 648 2637 Non
670 2590 759 2636 tibi
788 2604 974 2650 semper
998 2588 1049 2634 in
1069 2586 1230 2634 medio
1264 2586 1399 2633 cibus
1415 2622 1428 2645 ‚
1453 2602 1732 2648 semperque
1753 2601 1912 2631 mensa
1928 2599 2144 2630 commu-

407 2670 509 2722 nis?
538 2685 641 2715 non
671 2684 733 2715 ex
756 2667 979 2714 convictu
999 2673 1167 2712 nostro
1188 2654 1356 2712 mutua
1377 2663 1630 2726 voluptas?
1659 2679 1759 2723 non
1782 2677 2020 2725 provocas
2033 2661 2141 2707 red-

409 2748 580 2810 disque
609 2744 876 2793 sermones?
900 2765 920 2787 n

480 2829 782 2872 Acroamata.
814 2822 974 2885 Vulgo
1004 2819 1236 2884 significat
1269 2835 1421 2880 quum
1446 2819 1635 2865 festivas
1656 2815 1957 2864 recitationes
1986 2824 2033 2860 et
2067 2817 2146 2859 lu*

410 2902 588 2960 dieras,
618 2910 719 2947 tum
743 2899 848 2966 illos
870 2915 899 2945 a
921 2898 1098 2960 quibus
1121 2897 1462 2957 recitabantur,
1492 2906 1539 2943 et
1564 2912 1687 2958 quos
1710 2893 2003 2941 adhibebant
2026 2908 2146 2937 con-

409 2979 571 3038 viviis,
595 2986 714 3026 teste
735 2977 879 3035 Plin.,
903 2978 950 3021 E
947 2978 1061 3037 pcst.
1089 2992 1141 3022 VI
1155 3007 1179 3034 ,-
1201 2976 1259 3021 31
1290 2991 1302 3020 ι
1325 2973 1718 3020 «Adhibebamur
1732 2970 1950 3034 quotidie
1977 2984 2147 3018 coenae.=

410 3065 511 3102 erat
536 3054 752 3112 modica,
781 3052 822 3100 si
849 3052 1118 3114 principem
1140 3050 1343 3113 cogites3
1366 3050 1609 3097 interdum
1644 3057 1892 3114 ἀκροάματα
1919 3045 2149 3091 audieba-

411 3149 541 3192 mus,
587 3131 829 3179 interdum
877 3127 1229 3190 jucundissimis
1273 3128 1573 3175 sermonibus
1606 3142 1706 3173 nox
1753 3124 2032 3171 ducebatur.
2081 3119 2139 3165 Cf

414 3212 532 3258 Ner.
549 3243 563 3267 ‚
602 3225 723 3267 xxv,
771 3211 844 3262 14.
887 3207 947 3252 H.
990 3207 1022 3252 l.
1062 3205 1398 3267 intelligendos
1433 3203 1637 3251 maxime
1679 3201 1884 3249 musicos
1915 3205 2052 3260 putat
2082 3197 2148 3242 Cl.

417 3287 574 3342 Hase,
611 3301 670 3332 ex
692 3284 932 3343 Macrob.,
963 3300 1031 3343 11,
1056 3289 1083 3339 4
1118 3300 1128 3327 z
1165 3305 1185 3324 «ι
1213 3284 1484 3329 Delectatus
1518 3281 1642 3327 inter
1670 3293 1850 3325 coenam
1889 3282 1989 3321 erat
2020 3289 2147 3335 sym—

416 3362 660 3423 phoniacis
683 3361 878 3408 Toranii
909 3359 1062 3407 Flacci
1086 3359 1352 3423 Mangonis.
1379 3379 1403 3400 »
