2372 3918
366 303 383 332 1
393 288 418 332 6
426 288 452 331 6
1027 282 1075 326 (ἶ.
1113 281 1403 328 SUETONII

359 372 469 447 culi
510 408 659 444 sacra
692 398 946 443 -sumeret
982 407 993 441 ε
1036 386 1374 464 abusumque
1416 387 1703 443 audentius
1747 390 2061 462 mendacio,

359 488 510 566 quod
550 500 675 544 ante
716 507 920 542 annum
963 484 1076 540 sere
1117 499 1279 542 natus
1318 488 1646 543 Germanico
1696 487 1842 544 filius
1872 490 2064 546 Tiburi

363 588 575 660 fuerat,
614 585 915 664 appellatus
950 597 1003 640 et
1038 585 1153 662 ipse
1197 588 1258 642 C.
1293 589 1502 658 Caesar,
1545 587 1612 642 de
1648 588 1804 663 cujus
1847 589 2065 646 amabili

362 687 596 765 pueritia
625 686 1027 760 immaturoque
1054 684 1208 740 obitu
1237 706 1402 761 supra
1428 685 1681 742 diximus
1710 686 1951 744 Plinium
1980 710 2066 745 ar-

364 789 483 865 guit
522 787 660 842 ratio
702 797 1027 860 temporum.
1074 786 1218 841 Nam
1260 786 1353 860 qui
1395 805 1480 842 res
1523 788 1754 864 Augusti
1798 790 2069 844 memoriae

363 886 725 957 mandarunt,
759 884 1149 942 Germanicum
1185 896 1376 940 exacto
1414 886 1700 944 consulatu
1742 889 1798 943 in
1832 888 2069 945 Galliam

365 986 620 1057 missum,
655 984 1040 1054 consentiunt,
1078 983 1192 1059 jam
1232 996 1360 1039 nato
1401 986 1550 1042 Caio,
1589 989 1705 1044 Nec
1745 987 1909 1044 Plinii
1950 990 2069 1066 opi-

365 1085 584 1140 nionem
611 1083 891 1158 inscriptio
916 1102 1021 1137 arae
1046 1083 1337 1158 quicquam
1361 1083 1655 1160 adjuverit,
1679 1108 1850 1163 quum
1874 1090 2072 1165 Agrip-

366 1185 496 1260 pina
529 1183 613 1238 bis
644 1183 700 1237 in
731 1202 794 1237 ea
831 1183 1054 1259 regione
1088 1181 1224 1238 filias
1259 1184 1416 1240 enixa
1449 1187 1550 1256 sit,
1591 1198 1644 1241 et
1676 1186 2073 1265 qualiscunque

369 1295 584 1358 partus,
614 1283 728 1337 sine
756 1280 870 1336 ullo
898 1302 1054 1337 sexus
1083 1281 1424 1355 discrimine,
1445 1287 1798 1363 puerperium
1826 1300 2075 1359 vocetur3

369 1381 518 1457 quod
534 1381 745 1457 antiqui
764 1381 925 1436 etiam
945 1379 1151 1457 puellas
1160 1402 1400 1459 pueram,
1423 1383 1561 1438 sicut
1576 1395 1630 1439 et
1648 1405 1849 1461 pueros
1860 1387 2078 1464 puellos

371 1481 701 1539 dictitarent.
752 1484 940 1537 Exstat
984 1492 1040 1536 et
1084 1482 1322 1558 Augusti
1363 1481 1624 1558 epistola,
1670 1496 1795 1540 ante
1838 1507 2039 1562 paucos
2062 1531 2076 1559 ,

373 1604 538 1659 quam
564 1582 767 1651 obiret,
793 1601 1006 1636 menses
1034 1579 1103 1635 ad
1131 1581 1494 1658 Agrippinam
1527 1595 1744 1660 neptem
1776 1586 1851 1640 ita
1880 1587 2080 1663 scripta

372 1684 438 1739 de
481 1683 614 1739 Caio
657 1682 763 1737 hoc
805 1679 1026 1759 (neque
1066 1681 1210 1736 enim
1254 1682 1543 1757 quisquam
1574 1684 1690 1759 jam
1728 1684 1867 1741 alius
1903 1686 2080 1742 infans

372 1783 594 1838 nomine
626 1781 747 1858 pari
788 1792 922 1836 tunc
966 1779 1283 1857 supererat)
1314 1802 1327 1835 ε
1361 1805 1387 1832 α
1410 1780 1653 1838 Puerum
1689 1785 1883 1840 Caium
1916 1787 2080 1861 quin-

374 1882 644 1938 todecimo
674 1879 928 1936 kalendas
957 1881 1127 1956 junii,
1158 1881 1202 1936 si
1235 1880 1311 1936 dii
1346 1880 1558 1952 volent,
1594 1895 1656 1938 ut
1691 1884 1950 1941 ducerent
1975 1888 2079 1941 Ta-

374 1980 542 2037 larius
571 1993 624 2037 et
644 1980 900 2052 Asellius,
925 1980 1041 2036 heri
1067 2001 1191 2036 cum
1218 1981 1303 2037 his
1327 1983 1601 2037 constitui.
1630 1985 1796 2040 Mitto
1825 1997 2082 2062 praeterea

374 2090 592 2136 cum'eo
622 2102 688 2136 ex
718 2081 885 2135 servis
915 2081 1046 2135 meis
1076 2080 1379 2153 medicum,
1410 2102 1605 2157 quem,
1639 2084 1827 2160 scripsi
1853 2086 2083 2140 Germa-

375 2181 530 2248 nico,
565 2182 608 2235 si
649 2178 843 2249 vellet,
883 2191 945 2235 ut
980 2182 1256 2237 retineret.
1289 2179 1541 2253 Valebis,
1584 2203 1705 2238 mea
1746 2185 2084 2262 Agrippina,

376 2292 430 2335 et
463 2279 618 2336 dabis
657 2300 914 2356 operam,
950 2292 1014 2335 ut
1046 2279 1233 2336 valens
1270 2283 1552 2358 pervenias
1588 2282 1656 2338 ad
1692 2284 2084 2340 Germanicum

376 2392 550 2436 tuum.
575 2404 602 2432 >2
632 2379 866 2437 Abunde
898 2380 1134 2435 arbitror
1161 2401 1384 2458 parere,
1413 2403 1525 2437 non
1558 2383 1797 2459 potuisse
1828 2384 1901 2438 ibi
1934 2385 2083 2439 nasci

378 2480 604 2548 Caium,
635 2500 744 2555 quo
778 2500 949 2556 prope
981 2479 1219 2535 bimulus
1255 2480 1474 2536 demum
1503 2481 1799 2558 perductus
1834 2483 1902 2538 ab
1933 2484 2085 2539 Urbe

379 2579 466 2634 sit.
496 2578 910 2635 Vei-siculorum
940 2599 1160 2654 quoque
1190 2578 1355 2634 fidem
1387 2580 1574 2635 eadem
1606 2581 1720 2637 haec
1752 2581 1998 2652 elevant3
2031 2595 2085 2638 et

380 2697 446 2732 eo
484 2675 732 2747 faciliuS,
772 2676 920 2753 quod
960 2677 1019 2732 hi
1064 2678 1178 2734 sine
1218 2690 1440 2734 auctore
1481 2693 1627 2736 sunt.
1673 2681 1963 2758 Sequenda
2008 2695 2088 2738 est

379 2775 587 2852 igitur,
626 2796 748 2852 quae
785 2775 897 2832 sola
940 2774 1240 2856 [actorum]
1282 2789 1449 2835 restat
1486 2776 1599 2859 [et]
1635 2779 1841 2858 publici
1880 2782 2083 2837 instru-

380 2872 552 2930 m'enti
586 2876 882 2932 auctoritas
911 2898 923 2932 :
957 2878 1255 2954 praesertim
1287 2899 1458 2954 quum
1483 2880 1649 2935 Caius
1678 2881 1934 2954 Antium,
1966 2902 2085 2937 om-

381 2972 544 3028 nibus
591 2993 801 3050 semper
847 2974 982 3031 locis
1030 2988 1196 3052 atque
1245 2977 1539 3033 secessibus
1593 2978 1879 3055 praelatum
1904 3022 1920 3052 ,
1974 3000 2086 3035 non
2143 3019 2147 3021 -

385 3067 560 3140 aliter,
588 3092 751 3146 quam
780 3073 957 3130 natale
986 3073 1189 3147 solum,
1211 3073 1488 3149 dilexerit3
1518 3077 1873 3155 tradaturque
1898 3079 2086 3147 etiam,

382 3167 567 3224 sedem
600 3191 662 3227 ac
694 3171 1031 3229 domicilium
1065 3173 1278 3250 imperii
1313 3175 1471 3231 taedio
1504 3178 1671 3234 Urbis
1701 3177 1990 3233 transferre
2022 3199 2087 3234 eo

383 3266 689 3327 destinasse.
