2372 3918
1056 245 1235 290 NERO.
1905 250 1994 304 245

311 366 468 409 vante
513 352 656 431 vulgi
705 370 886 429 preces
928 350 1089 404 etiam
1133 349 1363 403 statione
1405 347 1669 417 militum,
1706 371 1823 426 quae
1866 364 1996 409 tunc

316 453 645 523 excubabat,
674 460 1176 527 repraesentaturum
1206 468 1262 503 se
1290 446 1563 525 pollicitus
1595 462 1673 504 est
1713 450 1908 523 libens3
1935 473 1997 508 ac

311 552 425 608 sine
454 572 604 607 mora
632 569 824 606 nomen
856 567 1013 604 suum
1044 548 1099 602 in
1129 546 1253 603 albo
1276 547 1650 624 profitentium
1679 550 1999 607 citharoedo-

311 672 432 707 rum
464 651 624 727 jussit
665 648 890 717 ascribi3
918 646 1280 723 sorticulaque
1321 648 1374 702 in
1416 667 1608 703 urnam
1648 668 1771 703 cum
1808 652 1999 708 ceteris

311 749 535 806 demissa
554 791 569 821 ,
594 749 814 804 intravit
841 746 1032 803 ordine
1060 768 1158 803 suo
1176 789 1191 818 ,
1220 746 1377 803 simul
1409 747 1643 825 praefecti
1664 751 1902 825 praetorii
1926 752 2001 805 ci·

309 850 516 906 tharam
578 848 897 903 sustinentes
916 889 930 917 ,
984 859 1106 923 post
1163 847 1367 903 tribuni
1427 846 1658 904 militum
1681 891 1695 918 ,
1739 849 2001 925 juxtaque

310 948 602 1003 amicorum
653 947 845 1002 intimi.
878 949 1062 1023 thue
1100 948 1374 1017 constitit,
1423 959 1643 1024 peracto
1700 948 2000 1024 principie,

309 1045 521 1103 Nioben
551 1065 607 1101 se
633 1057 977 1102 cantaturum
997 1089 1012 1118 ,
1043 1066 1140 1122 per
1162 1045 1416 1102 Cluvium
1439 1046 1646 1104 Rufum
1663 1046 2001 1104 consularem

307 1146 715 1222 pronunciavit,
744 1157 799 1201 et
837 1148 894 1201 in
929 1147 1121 1202 horam
1153 1146 1264 1202 fere
1299 1146 1559 1202 decimam
1597 1150 1958 1224 perseveravit
1989 1171 2000 1203 :

306 1265 669 1323 coronamque
697 1266 815 1302 eam
845 1258 898 1301 et
935 1245 1199 1323 reliquam
1232 1247 1541 1303 certaminis
1571 1259 1783 1325 partem
1814 1251 1870 1304 in
1903 1270 2002 1305 an-

311 1366 440 1401 num
467 1357 780 1422 sequentem
813 1345 1051 1418 distulit,
1084 1359 1145 1403 ut
1188 1348 1379 1423 saepius
1409 1346 1638 1403 canendi
1675 1348 1886 1403 occasio
1919 1369 2001 1404 es·

307 1457 402 1501 set.
428 1444 592 1518 Quod
625 1466 795 1521 quum
833 1446 1049 1502 tardum
1083 1446 1376 1515 videretur,
1402 1467 1514 1503 non
1543 1448 1771 1502 cessavit
1806 1446 2005 1504 identi-

308 1545 430 1600 dem
449 1565 507 1601 se
522 1544 813 1622 publicare.
837 1548 962 1602 Non
983 1546 1252 1602 dubitavit
1265 1548 1429 1602 etiam
1447 1548 1670 1623 privatis
1687 1547 2004 1624 spectaculis

310 1664 533 1721 operam
566 1646 709 1700 inter
747 1646 982 1701 scenicos
1021 1644 1182 1716 dare,
1214 1645 1450 1720 quodam
1484 1657 1780 1722 praetorum
1815 1659 2005 1702 sester-

309 1744 444 1799 tium
471 1741 644 1798 decies
674 1743 950 1800 offerente.
975 1742 1287 1820 Tragoedias
1312 1763 1527 1818 quoque
1555 1747 1791 1799 cantavit
1821 1763 2005 1820 perso-

306 1854 500 1913 natus3
527 1843 754 1898 heroum
785 1843 1147 1918 deorumque,
1182 1844 1312 1897 item
1345 1842 1630 1898 heroidum
1672 1864 1735 1898 ac
1780 1843 2005 1900 dearum

310 1943 550 2019 personis
585 1942 787 1999 effectis
812 1943 891 1998 'ad
923 1941 1335 1998 similitudinem
1372 1944 1480 1998 oris
1519 1944 1599 1998 sui
1621 1986 1635 2015 ,
1672 1956 1725 1999 et
1761 1943 2004 2015 feminae,

310 2054 471 2120 prout
498 2062 770 2118 quamque
787 2040 1052 2120 diligeret.
1077 2045 1228 2100 Inter
1249 2054 1428 2098 cetera
1449 2044 1687 2098 cantavit
1716 2046 2005 2100 «Canacen

308 2142 698 2219 parturientem
716 2185 731 2214 ,
763 2144 995 2199 Oresten
1014 2142 1353 2198 matricidam
1375 2185 1390 2213 ,
1418 2142 1763 2219 OEdipodem
1785 2164 2009 2199 excaeca-

311 2257 424 2301 tum
445 2286 461 2316 ,
489 2242 776 2300 Herculem
806 2244 1074 2299 insanum.
1094 2268 1121 2296 »
1155 2246 1218 2299 In
1257 2264 1366 2320 qua
1394 2243 1576 2299 fabula
1608 2245 1749 2300 fama
1794 2257 1907 2318 est,
1942 2246 2009 2301 ti·

310 2342 600 2400 runculum
629 2342 880 2416 militem,
905 2344 1143 2420 positum
1173 2343 1242 2399 ad
1273 2343 1575 2400 custodiam
1607 2344 1815 2416 adituS,
1839 2365 2008 2421 quum

310 2463 435 2499 eum
468 2444 651 2499 ornari
679 2464 741 2499 ac
774 2443 966 2499 vinciri
991 2445 1191 2499 catenis
1211 2487 1226 2515 ,
1259 2445 1398 2500 sicut
1425 2456 1806 2521 argumentum
1832 2455 2011 2521 postu·

313 2542 484 2614 labat,
518 2541 749 2614 videret,
783 2541 1336 2599 accurrisseferendae
1368 2542 1486 2618 opis
1516 2545 1704 2619 gratia.

392 2644 570 2698 XXII.
596 2644 875 2719 Equorum
903 2641 1080 2698 studio
1113 2641 1195 2699 vel
1226 2643 1494 2719 praecipue
1519 2642 1587 2697 ab
1615 2644 1836 2698 ineunte
1856 2654 2010 2698 aetate

314 2741 590 2818 flagravit,
621 2739 996 2818 plurimusque
1023 2739 1100 2796 illi
1126 2761 1332 2813 sermo,
1362 2761 1691 2816 quamquam
1717 2754 2011 2813 vetaretur,

314 2842 380 2898 de
423 2842 751 2898 circensibus
799 2853 913 2897 erat
962 2862 973 2896 z
1023 2853 1074 2896 et
1118 2841 1394 2917 quondam
1449 2854 1682 2898 tractum
1728 2842 2008 2919 prasinum
2078 2866 2091 2876 ·

315 2942 631 3020 agitatorem
659 2942 798 2997 inter
831 2940 1229 3018 condiscipulos
1258 2960 1512 3017 querenS,
1543 2941 1865 3018 objurgante
1896 2961 2009 2996 ma-

260 3037 266 3047 ’
318 3042 512 3118 gistro,
548 3040 614 3096 de
655 3044 888 3098 Hectore
926 3062 981 3098 se
1013 3040 1193 3118 loqui,
1230 3042 1518 3097 ementitus
1561 3053 1657 3096 est.
1698 3039 1803 3096 Sed
1839 3060 2010 3115 quum

316 3140 458 3196 inter
482 3141 635 3196 initia
658 3141 869 3218 imperii
893 3141 1143 3198 eburneis
1165 3140 1439 3219 quadrigis
1474 3139 1716 3216 quotidie
1746 3140 1798 3194 in
1836 3140 2008 3195 abaco

319 3237 556 3310 luderet,
607 3240 670 3297 ad
714 3261 899 3297 omnes
935 3240 1093 3297 etiam
1136 3242 1386 3297 minimos
1427 3241 1692 3296 circenses
1734 3260 1762 3294 e
1803 3258 2007 3295 secessu
