2372 3918
410 268 461 312 31
479 283 502 311 2
1173 266 1358 310 NOTAE

478 353 900 407 Chorocc'tharisioe.
918 358 1011 416 Qui
1021 374 1161 405 voces
1178 359 1474 420 citharasque
1489 361 1550 405 ad
1567 369 1837 407 concertum
1847 362 2125 425 jungebant.

473 437 873 483 Psilocitharz'stoe.
901 436 995 495 Qui
1020 436 1196 482 cithara
1226 436 1324 481 sine
1346 451 1465 481 voce
1489 437 1733 483 canebant.

482 515 708 576 Virgines.
735 513 805 559 Cf.
830 514 1057 571 Xumn„
1081 528 1215 559 van
1234 548 1246 570 ,
1270 528 1317 573 p.
1344 513 1455 570 762.

472 602 767 648 Flauialium.
794 601 853 647 H.
891 616 930 647 e.
972 600 1121 661 gentis
1163 602 1346 645 Flavc‘oe
1384 602 1712 660 sacerdotum,
1744 617 1866 663 quos
1891 619 1985 649 una
2020 620 2126 650 cum

409 679 588 738 templo
618 676 742 738 patri
766 691 819 722 ac
849 675 984 722 fratri
1008 685 1270 722 sacraverat
1300 677 1611 723 Domitianus.

473 755 711 800 Minervoe.
736 753 916 814 Xiphil.
931 789 945 812 ,
970 754 1053 798 ub.
1082 769 1185 813 sup.
1201 787 1215 810 ‚
1247 769 1296 813 p.
1334 755 1427 815 759
1455 771 1467 799 τ
1491 763 1591 804 Θεὸν
1617 763 1688 819 μὲν
1713 762 1789 819 γὰρ
1823 765 1895 810 τὴν
1918 757 2074 810 Ᾰθηνᾶν
2094 767 2131 814 ἅς

407 839 462 882 τὰ
486 839 668 897 μάλιστα
696 841 870 895 ἤγαλλε’
901 836 972 880 καὶ
1009 833 1082 879 διὰ
1110 842 1229 879 τοῦτο
1254 837 1323 880 καὶ
1348 838 1403 880 τὰ
1428 840 1697 884 Παναθηναῖα
1729 840 1913 897 μεγάλως
1948 842 2127 899 ἑόρταζε“

410 913 480 958 καὶ
501 916 538 957 ἐν
562 916 697 964 αὐτοῖς
719 915 881 971 ἀγῶνας
902 913 971 956 καὶ
1000 918 1177 958 ποιητῶν
1202 912 1271 955 καὶ
1288 915 1556 971 λογογράφων,
1583 916 1820 971 μονομάχων
1845 933 1891 958 τε
1914 922 2008 959 κατ’
2023 919 2128 970 ἔτος,

406 992 456 1040 ὡς
481 991 624 1042 εἰπεῖν,
648 992 685 1033 ἰν
713 996 769 1047 τῷ
796 983 969 1046 Ᾱλῧοίνῳ
1001 989 1139 1031 ἐποίει.

474 1071 756 1117 Cet-camina.
779 1072 851 1115 De
875 1069 1052 1131 quibus
1075 1071 1342 1129 Juvenalis,
1366 1079 1448 1116 sat.
1482 1087 1536 1128 x,
1567 1088 1585 1117 1
1600 1078 1655 1127 14
1681 1089 1693 1115 :

578 1212 790 1266 Eloquium
814 1226 859 1253 ac
881 1212 1025 1253 famam
1049 1211 1350 1262 Demosthenis,
1375 1221 1443 1253 aut
1466 1213 1664 1253 Ciceronis

580 1281 728 1336 Incipit
753 1289 916 1335 optare,
940 1289 979 1321 et
1002 1281 1098 1322 totis
1122 1282 1425 1335 quinquatribus
1450 1290 1574 1336 optat.

474 1425 632 1469 Sacro.
666 1448 733 1456 —
764 1420 1119 1481 Septimontium
1165 1419 1266 1466 dies
1302 1421 1449 1466 festus
1483 1421 1764 1481 appellatur,
1809 1430 1924 1468 teste
1960 1424 2126 1481 Festo,

401 1516 560 1547 mense
585 1498 849 1557 decembri,
875 1497 958 1558 qui
983 1498 1158 1543 dicitur
1180 1498 1229 1541 in
1248 1498 1396 1543 Fastis
1418 1498 1680 1558 Agonalia,
1714 1499 1848 1559 quod
1872 1500 1920 1544 in
1948 1510 2126 1560 septem

400 1576 640 1623 mensibus
684 1573 805 1620 fiunt
841 1590 987 1620 sacra.
1026 1575 1287 1631 Plutarch,
1321 1575 1502 1630 Quoest.
1549 1576 1714 1629 Rom.‚
1756 1591 1945 1633 van1,
1987 1577 2127 1623 docet

402 1669 547 1715 quare
570 1654 663 1698 hoc
697 1653 867 1698 festum
903 1652 1170 1698 institutum
1191 1650 1336 1696 fuerit
1362 1668 1372 1694 :
1397 1658 1452 1699 Τὸ
1479 1654 1528 1699 δὲ
1551 1660 1842 1716 Σεπτιμούτιον
1869 1661 2031 1717 ἄγουσιν
2059 1662 2126 1703 ἐπὶ

399 1744 457 1796 τῷ
488 1739 555 1780 τὸν
583 1734 757 1794 ἔὲἃομον
788 1738 903 1793 λόφον
927 1743 979 1791 τῇ
1000 1732 1114 1779 π’όλει
1130 1728 1582 1793 προσκατανεμεθῆναι,
1600 1735 1670 1777 καὶ
1694 1737 1765 1782 τὴν
1790 1727 1933 1793 ῥώμην
1957 1740 2126 1781 ἑπτάλο-

401 1832 468 1872 φον
491 1816 693 1873 γενέσθαι.
716 1806 786 1852 Cf.
813 1809 1010 1863 RoslN.‚
1033 1809 1147 1851 Ant.
1173 1821 1285 1850 rom.
1301 1839 1315 1861 ‚
1345 1822 1411 1862 IV,
1436 1806 1487 1861 6,
1516 1820 1564 1865 p.
1593 1805 1705 1866 296.

463 1896 595 1941 Intra
615 1895 888 1955 popularia.
915 1893 1131 1939 Subaudi
1152 1893 1383 1937 subsellia.

466 1985 578 2029 Cn.
623 1984 683 2027 V.
723 1984 939 2026 Arserat.
982 1980 1148 2025 Statim
1195 1980 1255 2024 ab
1297 1995 1488 2025 excessu
1525 1980 1815 2039 Vespasiani.
1857 1983 2092 2027 Plutarch.
2112 2018 2123 2039 ,

399 2061 616 2120 Poplic.,
649 2074 699 2118 p.
737 2064 829 2111 104
859 2073 871 2100 :
901 2055 1000 2120 Ᾰμα.
1029 2064 1106 2120 ’γὰρ
1137 2069 1197 2119 τῷ
1212 2068 1453 2110 τελευτῆσαι
1482 2064 1811 2115 Οὐεσπασιανὸν,
1837 2066 2054 2121 ἐνεπρήσθη
2076 2069 2121 2108 τὶ

399 2142 677 2186 Καπιτώλιον.

470 2223 670 2268 Custodi.
707 2221 786 2266 Ob
808 2220 953 2265 vitam
976 2220 1025 2264 in
1053 2220 1410 2280 oppugnatione
1435 2219 1657 2280 Capitolii
1687 2235 1714 2264 a
1737 2220 1998 2266 Vitellianis
2013 2238 2119 2267 sus-

398 2308 533 2359 cepta
551 2298 668 2343 mire
691 2305 934 2342 servatam.
956 2299 1029 2341 De
1048 2313 1099 2342 re
1113 2331 1126 2354 ,
1151 2297 1220 2342 Cf.
1245 2299 1412 2342 TAcrr.
1430 2332 1443 2354 ,
1468 2298 1588 2341 Hist.
1602 2330 1617 2351 ‚
1643 2313 1729 2354 111,
1757 2303 1830 2353 74.

480 2385 693 2431 Vocatur.
718 2384 841 2443 Quia
870 2385 1148 2430 inchoatum
1179 2400 1206 2429 a
1237 2385 1515 2430 Domitiano
1539 2386 1697 2430 Nerva
1725 2386 1925 2446 perfecit
1955 2397 2002 2432 et
2032 2388 2120 2432 de-

397 2463 583 2510 dicavit.

465 2541 671 2586 Deustis.
695 2539 803 2585 scil.
828 2539 1051 2584 incendio
1078 2538 1295 2583 Neronis.

465 2618 744 2660 Exstructus
774 2626 855 2660 est.
883 2617 1065 2675 Nempe
1090 2630 1118 2659 a
1150 2615 1372 2674 Trajano.
1391 2615 1461 2660 Cf.
1492 2617 1652 2673 Pmn„
1674 2616 1942 2675 Panegyr„
1972 2632 2046 2674 u,
2075 2627 2117 2661 et

398 2694 634 2749 X1121111..,
664 2707 853 2749 LXVIII,
876 2707 925 2751 p.
953 2707 1063 2749 772.

465 2781 573 2826 Cn.
597 2780 681 2824 VI.
704 2781 762 2824 In
790 2779 965 2824 Cattos.
994 2782 1050 2824 A.
1074 2782 1131 2825 U.
1160 2779 1271 2836 837.

465 2868 711 2926 Duplicem
738 2866 1034 2926 triumphum.
1060 2870 1212 2925 Quem
1227 2867 1396 2912 falsum
1419 2866 1534 2912 dicit
1547 2867 1719 2924 Tacit„
1741 2867 1923 2927 Agric.‚
1941 2881 2117 2912 xxxxx:

342 2978 349 2983 .
400 2965 418 2985 «
436 2946 595 2989 Inerat
618 2942 904 2989 conscientia
926 2944 1100 2989 derisui
1124 2945 1265 2990 fuisse
1288 2959 1441 3004 nuper
1452 2945 1619 2989 falsum
1636 2960 1661 2988 e
1684 2943 1934 2989 Germania
1959 2944 2118 2987 trium-

397 3022 573 3081 phum,
606 3019 775 3079 emptis
797 3035 884 3079 per
921 3021 1226 3079 commercia,
1253 3036 1462 3081 quorum
1486 3020 1676 3065 habitus
1701 3028 1747 3065 et
1778 3021 1928 3064 crines
1958 3019 2007 3064 in
2032 3036 2115 3065 ca-

394 3098 636 3157 ptivorum
659 3096 863 3156 speciem
890 3097 1223 3143 formarentur.
1240 3116 1265 3138 ι)
1291 3098 1362 3143 Cf.
1388 3099 1623 3155 Xn’mt„
1651 3113 1805 3155 van,
1829 3112 1875 3157 p.
1912 3098 2004 3154 762
2039 3115 2049 3141 :
2082 3112 2117 3146 υ

399 3182 516 3229 αὐτὸς
542 3182 816 3238 Δομιτιανὸς...
840 3187 898 3238 τῷ
926 3180 1139 3238 Δεκεῧοὶλῳ
1173 3178 1276 3229 δούς.

462 3262 657 3306 Motum.
684 3263 739 3305 A.
767 3263 825 3306 U.
852 3262 962 3315 844.
