2372 3918
382 255 440 303 42
941 303 944 306 ,
1045 255 1094 300 C.
1131 255 1417 300 SUETONII

378 353 591 408 bunitia
643 354 1075 432 praetervehenti.
1104 358 1228 429 sibi,
1274 378 1443 413 unum
1483 377 1513 412 e
1550 354 1774 432 collegio
1813 357 2067 414 Pontium

377 451 630 528 Aquilam
667 450 778 510 non
810 456 1159 511 assurrexisse
1194 455 1329 511 adeo
1364 455 1675 533 indignatus
1714 455 1808 526 sit,
1841 467 1903 510 ut
1940 478 2068 533 pro-

377 550 687 609 clamaverit
717 574 775 608 ια
798 558 999 630 Repete
1037 574 1166 631 ergo
1205 574 1238 609 a
1270 575 1380 624 me,
1411 553 1637 631 Aquila,
1676 553 2066 630 rempublicam

377 652 702 723 tribunus;>›
742 664 796 707 et
835 671 933 707 nec
979 651 1243 708 destiterit
1273 673 1371 729 per
1413 655 1699 711 continuos
1753 653 1864 708 dies
1914 653 2069 729 quid-

375 770 538 825 quam
559 751 838 826 cuiquam,
864 751 967 806 nisi
993 752 1097 807 suh
1125 752 1439 827 exceptione
1462 750 1703 827 polliceri
1732 775 1744 808 ε
1776 753 1856 809 «si
1887 764 2068 808 tamen

374 870 471 925 per
494 850 751 905 Pontium
776 849 1027 926 Aquilam
1057 849 1286 906 licuerit.
1309 875 1338 902 »

452 950 703 1004 LXXIX.
738 948 948 1026 Adjecit
993 948 1062 1005 ad
1106 955 1215 1005 tam
1263 950 1528 1027 insignem
1573 950 1808 1028 despecti
1853 964 2067 1008 senatus

372 1047 757 1104 contumeliam
773 1047 947 1105 multo
961 1050 1302 1127 arrogantius
1326 1049 1545 1106 factum.
1565 1053 1710 1108 Nam
1730 1072 1900 1127 quum
1915 1051 2070 1107 sacri-

370 1147 492 1203 ficio
524 1146 816 1204 latinarum
846 1161 1146 1205 revertente
1175 1170 1270 1222 eo,
1299 1151 1440 1205 inter
1470 1150 1783 1206 immodicas
1812 1170 1873 1205 ac
1903 1170 2068 1205 novas

370 1247 561 1326 populi
591 1247 1025 1322 acclamationeS,
1058 1249 1278 1326 quidam
1309 1270 1338 1305 e
1367 1251 1529 1306 turba
1562 1262 1750 1305 statuae
1770 1251 1884 1326 ejus
1911 1270 2067 1304 coro-

369 1369 496 1403 nam
528 1347 769 1404 lauream
799 1349 1028 1405 candida
1055 1349 1218 1406 fascia
1251 1349 1583 1426 praeligatam
1616 1350 1984 1426 imposuisset,
2016 1361 2070 1403 et

368 1448 577 1503 tribuni
611 1447 780 1523 plebis
810 1448 1034 1524 Epidius
1065 1447 1334 1504 Marullus
1365 1449 1730 1524 Caesetiusque
1756 1447 1953 1503 Flavus
1985 1468 2068 1502 co-

367 1569 514 1603 ronae
541 1547 760 1603 fasciam
793 1547 1029 1620 detrahi,
1062 1548 1443 1624 hominemque
1475 1547 1602 1603 duci
1631 1549 1687 1602 in
1717 1546 1936 1603 vincula
1952 1548 2067 1624 jus-

366 1649 581 1719 sissent3
622 1647 809 1703 dolens
847 1668 940 1702 seu
971 1668 1166 1723 parum
1202 1667 1461 1724 prospere
1492 1658 1694 1703 motam
1724 1648 1878 1724 regni
1911 1667 2066 1703 men-

367 1749 596 1820 tionem,
638 1749 776 1820 sive,
820 1759 880 1804 ut
919 1747 1148 1820 ferebat,
1186 1759 1429 1825 ereptam
1482 1750 1584 1804 sibi
1629 1747 1859 1825 gloriam
1911 1769 2065 1803 recu-

367 1848 553 1920 sandi,
590 1850 840 1905 tribunos
883 1851 1119 1926 graviter
1153 1850 1444 1926 increpitos
1484 1861 1751 1927 potestate
1789 1850 2062 1926 privavit:

366 1970 540 2025 neque
570 1971 636 2005 ex
663 1970 726 2005 eo
756 1949 1033 2006 infamiam
1065 1950 1301 2006 affectati
1331 1951 1495 2005 etiam
1532 1951 1667 2027 regii
1705 1950 1942 2005 nominis
1986 1948 2067 2003 di-

366 2063 576 2107 scutere
625 2050 818 2122 valuit,
857 2071 1172 2127 quanquam
1201 2063 1255 2106 et
1290 2049 1436 2127 plebi
1473 2071 1656 2127 regem
1689 2071 1744 2106 se
1776 2048 2065 2120 salutanti,

365 2153 666 2207 «Caesarem
694 2173 775 2224 se,
795 2173 907 2207 non
932 2173 1114 2228 regem
1143 2172 1319 2223 esse,»
1338 2151 1705 2228 responderit3
1735 2163 1789 2207 et
1821 2143 2069 2228 luperca-

365 2251 529 2323 libus,
546 2274 648 2329 pro
664 2254 854 2308 rostris
878 2274 909 2307 a
938 2251 1159 2308 consule
1182 2254 1423 2309 Antonio
1453 2251 1735 2308 admotum
1759 2253 1952 2328 saepius
1976 2272 2067 2307 ca-

364 2354 465 2429 piti
511 2375 609 2408 suo
660 2353 907 2408 diadema
952 2352 1240 2429 repulerit,
1272 2367 1436 2428 atque
1481 2354 1537 2407 in
1580 2350 1913 2429 Capitolium
1948 2353 2068 2406 Jovi

365 2454 591 2530 Optimo
622 2455 865 2509 Maximo
896 2455 1118 2510 miserit.
1160 2455 1314 2526 Quin
1350 2454 1513 2508 etiam
1545 2451 1725 2507 valida
1767 2451 1911 2507 fama
1943 2471 2067 2526 per-

364 2555 606 2626 crebuit,
638 2556 1000 2630 migraturum
1032 2553 1422 2610 Alexandriam
1454 2551 1537 2607 vel
1568 2550 1757 2620 Ilium,
1795 2549 2068 2606 translatis

366 2653 525 2708 simul
555 2654 750 2731 opibus
779 2654 1017 2730 imperii,
1054 2653 1421 2728 exhaustaque
1462 2650 1621 2707 Italia
1662 2649 1985 2722 delectibus,
2014 2662 2067 2705 et

364 2756 751 2831 procuratione
781 2755 931 2809 urbis
955 2754 1140 2809 amicis
1176 2754 1433 2830 permissa
1465 2773 1477 2806 z
1504 2751 1754 2828 proximo
1783 2763 1967 2807 autem
1991 2770 2070 2805 se·

365 2867 524 2924 natU,
548 2858 610 2911 L.
646 2858 865 2912 Cottam
889 2853 1380 2930 quindecimvirum
1410 2853 1732 2908 sententiam
1766 2852 2066 2921 dicturum,

366 2967 459 3026 ut,
492 2956 751 3031 quoniam
781 2954 931 3010 libris
968 2952 1219 3008 fatalibus
1252 2953 1648 3022 contineretur,
1688 2952 1918 3008 Parthos
1964 2951 2066 3005 nisi

365 3076 395 3110 a
427 3075 551 3131 rege
581 3076 692 3110 non
725 3075 881 3132 posse
908 3054 1077 3126 vinci,
1107 3055 1287 3108 Caesar
1317 3072 1413 3107 rex
1443 3050 1824 3128 appellaretur.

444 3159 672 3212 LXXX.
709 3159 850 3230 Quae
878 3176 1037 3212 causa
1077 3154 1373 3230 conjuratis
1414 3153 1724 3208 maturandi
1761 3152 1862 3208 fuit
1902 3151 2065 3207 desti-

371 3268 493 3311 nata
524 3258 761 3332 negotia,
797 3277 863 3311 ne
894 3255 1141 3311 assentiri
1176 3274 1388 3309 necesse
1418 3265 1572 3308 esset.
1606 3250 1844 3307 Consilia
1873 3252 2065 3328 igitur,
