2372 3918
779 273 843 319 ΙΝ
878 274 927 317 C.
966 274 1004 317 J.
1042 270 1362 316 CAESAREM.
1836 287 1922 329 ¹⁹7

288 369 505 414 Restituit.
533 369 677 425 Ven„
713 384 786 426 ιι,
822 368 881 421 43
924 383 935 411 :
975 365 1243 411 «Restituta
1282 365 1329 409 in
1368 365 1611 423 aedilitate,
1650 368 1928 415 adversante

217 445 406 505 quidem
442 445 713 503 nobilitate,
737 451 1041 490 monumenta
1064 441 1115 489 C.
1140 442 1294 488 Marii.
1322 462 1341 482 υ

279 524 337 567 In
359 523 684 568 exercenda...
717 521 985 582 quoestione.
1011 544 1077 553 —
1101 520 1335 564 Exemere
1364 520 1670 581 quaestionem
1695 524 1767 567 vel
1791 539 1925 584 qua·-

217 598 358 642 stiom‘
380 599 454 644 vel
476 597 657 657 judicio
678 611 896 659 paeesse.
923 594 1044 652 Cic.,
1076 596 1137 639 de
1159 594 1311 639 Finib.
1327 626 1341 648 ‚
1374 610 1414 640 11
1430 628 1444 651 ,
1481 594 1537 639 16
1576 612 1585 635 :
1614 616 1632 635 «ι
1652 597 1750 652 Qui
1778 614 1927 658 quum

209 683 384 734 praetor
407 675 710 735 quaestionem
732 673 855 719 inter
885 671 1076 718 sicarios
1099 670 1397 719 exercuisset.
1413 690 1433 712 υ
1457 673 1569 717 Νοιι
1593 678 1750 717 tamen
1778 676 1927 721 Caesar

210 760 383 811 praetor
408 751 498 797 fuit
522 759 633 796 tunc
657 748 907 810 temporis,
930 748 1036 806 sed,
1062 747 1241 808 optime
1265 747 1465 811 docente
1493 749 1800 807 Casaubono,
1819 762 1926 812 post

210 827 472 873 aedilitatem
510 827 659 872 factus
695 834 763 871 est
797 824 947 885 judex
987 824 1289 885 quaestionis,
1323 824 1461 885 eique
1508 825 1701 884 praetori
1735 842 1926 887 operam

209 903 424 962 navavit,
448 903 526 949 cui
549 912 674 948 sorte
698 901 959 963 contigerat
981 902 1179 962 quoestio
1213 901 1335 947 inter
1361 900 1562 947 sicarios.

275 969 632 1040 proscriptione.
658 979 715 1023 H.
741 993 779 1023 e.
813 986 1028 1039 tempore
1051 978 1410 1038 proscriptionis
1435 979 1652 1026 Sullanae.

275 1057 487 1118 Legibus.
512 1055 640 1101 Latis
662 1059 716 1100 A.
749 1056 808 1100 U.
835 1055 925 1111 671
941 1089 954 1112 ,
980 1070 1006 1100 a
1027 1057 1081 1101 L.
1108 1057 1249 1102 Corn.
1273 1056 1398 1117 Sylla
1423 1055 1669 1100 dictatore.
1704 1052 1765 1098 H.
1789 1058 1817 1102 l.
1832 1092 1846 1115 ,
1882 1069 1929 1104 ut

207 1142 334 1179 recte
362 1134 429 1180 cl.
455 1134 587 1178 Hase
609 1132 885 1192 adnotavit,
909 1135 1037 1193 leges
1063 1132 1293 1178 Comelioe
1318 1132 1557 1190 dicuntur,
1592 1133 1656 1176 ob
1681 1133 1810 1178 varia
1847 1149 1927 1179 ca—

207 1211 304 1272 pita
335 1199 449 1273 legis
469 1225 521 1256 re
545 1224 653 1255 vera
687 1210 831 1254 um‘us.

271 1289 376 1334 Car.
402 1289 513 1333 XII.
535 1287 822 1333 Sabor-navit.
849 1286 1066 1332 Subaudi
1099 1287 1150 1330 T.
1179 1286 1360 1330 Attium
1386 1286 1642 1330 Labienum
1660 1321 1672 1343 ,
1701 1287 1928 1331 tribunum

199 1365 369 1424 plebis.

277 1441 324 1486 C.
351 1441 552 1486 Rabirio.
579 1430 806 1486 Cicerone
832 1449 877 1485 et
904 1440 1160 1486 Hortensio
1187 1439 1564 1485 defendentibus.

275 1518 627 1563 Perduelliomlr.
655 1516 806 1562 Pitisc.
823 1551 836 1575 ,
863 1520 974 1562 Ant.
1000 1533 1113 1562 rom.
1127 1550 1139 1570 ,
1168 1518 1217 1561 in
1242 1518 1509 1561 Pet-duellio
1533 1534 1549 1560 .·
1575 1536 1592 1555 «
1621 1516 1809 1562 Crimen
1834 1525 1929 1572 est,

208 1594 342 1654 quod
371 1609 458 1639 nos
486 1594 567 1639 vix
592 1584 883 1653 amajestatis
907 1593 1100 1639 crimine
1117 1592 1473 1654 distinguimus,
1500 1608 1595 1652 quo
1613 1591 1817 1637 hostium
1834 1608 1929 1638 nu-

206 1687 335 1717 mero
368 1671 647 1729 habebatur,
671 1670 754 1731 qui
783 1670 1123 1730 rempublicam
1145 1670 1304 1715 hostili
1330 1670 1489 1715 animo
1512 1669 1712 1715 laesisset.
1729 1690 1748 1710 »
1766 1670 1929 1714 Paullo

207 1746 327 1792 infra
354 1764 364 1791 ε
390 1766 414 1789 α
428 1747 766 1792 Pet-duellionis
782 1741 900 1810 (scil.
919 1745 1111 1809 crimen)
1134 1746 1284 1808 civem
1306 1762 1555 1792 romanum
1580 1754 1746 1791 contra
1767 1744 1844 1804 jus
1871 1746 1930 1790 li-

205 1824 398 1870 bertatis
427 1823 518 1870 sibi
542 1821 724 1885 legibus
741 1858 753 1882 ,
777 1822 942 1868 Porcia
965 1823 1167 1869 maxime
1191 1833 1236 1869 et
1269 1822 1576 1884 Sempronia,
1602 1838 1856 1878 concessae,
1882 1823 1929 1867 in

206 1916 387 1946 crucem
410 1902 600 1958 tollere,
622 1908 702 1946 aut
727 1898 878 1945 securi
901 1907 1151 1959 percutere
1167 1934 1180 1958 ,
1205 1908 1286 1945 aut
1319 1900 1366 1945 in
1392 1900 1643 1944 lautumias
1667 1899 1929 1959 conjicere,

204 1989 286 2025 aut
312 1980 576 2026 verberare.
598 2000 618 2021 »

273 2057 490 2118 Aliquot..
516 2055 635 2115 Cic.,
660 2056 710 2101 in
734 2057 891 2101 Pison.
904 2089 918 2110 ‚
948 2072 990 2102 ιι
1016 2072 1027 2101 z
1056 2057 1384 2118 Quadraginta
1397 2074 1415 2112 ,-
1450 2057 1534 2102 sed
1557 2060 1731 2102 Ascon.
1767 2065 1929 2101 monet

205 2154 224 2175 α
251 2133 450 2194 perinde
484 2133 819 2194 accipiendum·
840 2149 892 2178 ac
927 2133 964 2179 si
999 2133 1172 2179 dixerit
1199 2149 1355 2195 prope
1384 2134 1718 2196 quadraginta.
1738 2153 1762 2175 n
1804 2134 1898 2178 Dio
1916 2168 1929 2190 ,

204 2225 373 2254 xxxvn
387 2243 400 2266 ,
434 2216 489 2264 41
506 2244 518 2267 ,
540 2225 625 2254 sex
647 2220 694 2254 et
714 2210 907 2271 triginta
931 2208 1062 2255 dicit.

271 2287 441 2331 Iudex.
468 2285 722 2331 Duumviri
743 2286 794 2330 in
818 2301 956 2332 causa
979 2287 1320 2347 perduellionis
1343 2287 1622 2346 judicabant
1643 2322 1656 2345 ,
1690 2303 1717 2333 a
1750 2287 1929 2348 quibus

205 2362 265 2408 ad
287 2362 521 2422 populum
556 2377 818 2422 provocare
857 2362 1054 2420 licebat,
1089 2363 1173 2424 qui
1208 2363 1409 2408 comitiis
1446 2364 1717 2409 centuriatiS
1750 2364 1809 2409 de
1845 2380 1928 2409 reo

205 2439 428 2502 suffragia
443 2439 638 2484 ferebat.
664 2440 773 2485 Non
797 2439 887 2484 fuit
911 2455 1024 2503 ergo
1036 2440 1190 2502 judex
1211 2442 1484 2502 quaestionis
1508 2442 1724 2487 Caesarin
1745 2441 1927 2500 judicio

204 2516 412 2574 Rabirii,
436 2525 489 2562 ut
513 2516 665 2562 voluit
689 2517 952 2563 Casaubon.

279 2595 395 2639 Tam
425 2595 603 2654 cupide.
627 2595 684 2640 H.
712 2611 751 2640 e.
776 2593 908 2641 tanto
934 2595 1092 2640 studio
1116 2594 1336 2656 partium.
1362 2596 1483 2654 Cic.,
1512 2611 1607 2655 pm
1634 2598 1769 2658 Fottt.
1785 2630 1799 2652 ,
1826 2612 1877 2641 tx
1910 2612 1920 2640 ε

204 2690 223 2711 α
241 2670 648 2731 Induciomarum,
671 2673 810 2718 talem
831 2672 1010 2732 virum,
1036 2661 1129 2718 tam
1148 2672 1345 2734 cupide,
1370 2681 1465 2718 tam
1495 2681 1668 2719 temere
1701 2673 1890 2720 dixisse.
1905 2693 1927 2714 ι»

272 2749 379 2792 Cn.
401 2750 535 2794 xm.
567 2750 716 2795 Petite.
750 2752 815 2795 Μ.
844 2750 1001 2796 Tullio
1027 2750 1256 2798 Cicerone
1287 2760 1333 2796 et
1358 2752 1409 2797 C.
1436 2751 1648 2797 Antonio
1684 2766 1799 2797 coss.
1820 2786 1832 2810 ,
1868 2754 1923 2797 A.

204 2828 263 2872 U.
294 2825 407 2886 691.

269 2902 547 2963 Largitione.
574 2903 645 2949 Ad
671 2905 794 2949 hunc
823 2905 1052 2950 honorem
1081 2906 1169 2951 sibi
1193 2906 1313 2951 viam
1331 2906 1464 2963 fecit,
1497 2921 1643 2966 quum
1672 2906 1920 2967 largitione

203 2979 252 3024 in
277 2979 534 3038 tenuiores,
551 2988 649 3025 tum
673 2981 941 3041 potentium
957 2983 1261 3028 assectatione
1278 2982 1338 3028 ad
1361 2982 1620 3028 foeditatem
1636 2983 1922 3029 adulationis

206 3072 369 3118 usque·
398 3057 519 3115 Dio,
544 3073 716 3103 XXXVH
737 3093 749 3114 ,
781 3075 828 3119 p-
857 3065 914 3117 [07
945 3076 954 3103 :
987 3063 1098 3110 Οὐδὲ
1129 3069 1264 3125 ἔμελέν
1290 3068 1326 3110 οἱ
1348 3074 1419 3116 τῆς
1446 3067 1595 3110 αὐτίκα.
1627 3070 1916 3117 ταπεινότητος

202 3142 296 3198 πρὸς
323 3142 391 3188 τὴν
425 3143 469 3184 ix
490 3147 558 3185 τοῦ
587 3144 730 3186 ἔπειτα.
758 3144 886 3200 ἰσχύν·
912 3145 997 3186 ἀλλ’
1014 3140 1064 3187 ὧν
1092 3145 1285 3203 ἐπιχείρει
1310 3149 1562 3202 πρωτεῦσαι,
1590 3146 1750 3194 τούτους
1773 3148 1820 3194 ὡς
1849 3146 1922 3189 καὶ

204 3219 402 3275 κρείττους
426 3220 640 3277 ὑπήρχετο·

270 3289 613 3350 Competitores.
646 3293 703 3348 Q.
732 3292 948 3339 Catulum
976 3300 1022 3337 et
1046 3294 1094 3338 P.
1120 3294 1393 3339 Isauricum.
