2372 3918
846 262 895 307 C.
936 259 1150 316 JULIUS
1183 263 1407 310 CAESAR.
1955 265 1984 312 5

272 378 391 425 tum
435 368 731 439 diceretur,
773 368 1180 444 constitutaque
1226 367 1296 424 ad
1342 367 1632 425 arbitrium
1681 369 1992 448 republica,

275 468 439 526 Sullae
469 480 522 526 et
554 467 824 526 Autronio
851 466 1165 524 consulatus
1192 467 1587 524 restitueretur.
1618 471 1994 527 Meminerunt

274 571 439 647 hujus
501 567 891 644 conjurationis
947 569 1219 624 Tanusius
1274 568 1544 625 Geminus
1603 568 1662 624 in
1719 570 1992 644 Historia,

272 673 352 726 M.
391 666 615 726 Bibulus
656 668 713 727 in
750 667 987 739 Edit-tis,
1033 670 1096 726 C.
1133 667 1304 727 Curio
1342 681 1499 745 pater
1528 668 1586 724 in
1616 669 1990 726 Orationibus,

221 768 223 770 ’
272 773 358 827 De
408 769 511 825 hac
559 768 866 845 significare
917 766 1136 823 videtur
1184 779 1237 826 et
1290 769 1486 826 Cicero
1533 769 1590 824 in
1639 767 1879 844 quadam
1925 770 1995 825 ad

270 869 469 926 Axium
513 866 742 945 epistola
759 910 775 940 ,
812 867 1050 926 referens
1068 910 1085 940 ,
1129 869 1406 928 Caesarem
1443 872 1501 924 in
1538 868 1828 925 consulatu
1861 889 1994 925 con-

257 972 523 1041 finnasse
569 987 796 1045 regnum
816 1011 831 1035 ,
883 967 954 1031 de
998 988 1108 1046 quo
1157 967 1342 1024 oedilzk
1390 969 1678 1046 cogitarat.
1723 969 1996 1026 Tanusius

270 1066 482 1145 adjicit,
511 1069 792 1139 Crassum,
823 1068 1145 1145 poenitentia
1172 1065 1259 1124 vel
1289 1080 1436 1132 metu
1455 1110 1471 1140 ,
1502 1067 1645 1124 diem
1673 1068 1805 1124 caedi
1834 1067 1997 1125 desti-

271 1179 461 1223 natum
497 1188 607 1227 non
650 1168 879 1241 obiisse,
917 1180 973 1224 et
1014 1167 1218 1224 idcirco
1256 1188 1325 1225 ne
1362 1170 1632 1225 Caesarem
1669 1168 1891 1245 quidem
1927 1169 1998 1224 si-

271 1288 466 1345 gnum,
496 1268 645 1345 quod
675 1269 742 1325 ab
773 1289 840 1334 eo
868 1268 985 1330 dari
1015 1280 1372 1342 convenerat,
1402 1268 1628 1326 dedisse.
1663 1269 1997 1327 Convenisse

272 1380 457 1424 autem
492 1369 662 1426 Curio
694 1370 802 1441 ait,
838 1382 899 1426 ut
932 1382 1118 1447 togam
1159 1368 1227 1425 de
1262 1370 1495 1430 humero
1531 1368 1807 1446 dejiceret.
1843 1368 2000 1425 Idem

273 1468 444 1524 Curio
462 1509 477 1539 ,
506 1468 600 1538 sed
628 1479 683 1525 et
710 1472 791 1526 M.
821 1470 1079 1534 Actorius
1108 1472 1256 1532 Naso
1273 1512 1289 1543 ,
1320 1481 1573 1530 auctores
1599 1480 1757 1543 sunt,
1788 1468 2002 1546 conspi-

273 1589 419 1625 rasse
448 1590 573 1631 eum
606 1570 771 1626 etiam
808 1591 934 1626 cum
974 1572 1080 1626 Cn.
1121 1572 1320 1626 Pisone
1356 1569 1700 1630 adolescente
1732 1589 1745 1625 ε
1776 1570 1898 1641 cui,
1929 1569 2001 1625 ob

274 1669 640 1745 suspicionem
681 1669 903 1726 urbanae
942 1670 1373 1746 conjurationis,
1413 1669 1699 1746 provincia
1738 1668 2004 1744 Hispania

276 1766 424 1825 ultro
451 1780 607 1826 extra
638 1769 889 1831 ordinem
920 1769 1048 1833 data
1075 1770 1171 1842 sit;
1201 1781 1559 1847 pactumque,
1590 1781 1651 1829 ut
1681 1766 1842 1828 simul
1871 1766 2003 1823 foris

275 1867 400 1942 ille,
432 1870 549 1947 ipse
583 1874 805 1941 Romae,
840 1869 911 1926 ad
941 1891 1026 1927 res
1064 1891 1234 1935 novas
1279 1881 1709 1948 consurgerent,
1741 1889 1841 1946 per
1874 1870 2006 1926 Am-

275 1969 478 2027 bronas
498 1982 552 2027 et
571 1970 989 2049 Transpadanos
1015 1992 1028 2027 ε
1055 1970 1376 2033 destitutum
1401 1971 1689 2047 utriusque
1713 1966 2003 2029 consilium

278 2082 454 2127 morte
480 2072 711 2136 Pisonis,
1377 2147 1380 2150 ῃ

357 2174 427 2228 Χ.
472 2172 664 2238 AEdilis
682 2216 698 2246 ,
729 2184 927 2251 praeter
955 2172 1241 2234 comitium
1271 2194 1335 2232 ac
1367 2173 1550 2233 forum
1570 2216 1585 2247 ,
1615 2172 2006 2250 basilicasque,

280 2274 445 2330 etiam
473 2273 810 2352 Capitolium
834 2278 1078 2348 ornavit,
1102 2276 1403 2354 porticibus
1426 2275 1497 2333 ad
1522 2287 1738 2354 tempus
1766 2286 2008 2332 exstruc-

280 2375 379 2447 tis,
411 2375 470 2431 in
498 2376 695 2452 quibus
713 2419 729 2450 ,
765 2376 1079 2433 abundante
1111 2397 1297 2433 rerum
1327 2378 1487 2456 copia
1505 2419 1523 2449 ,
1551 2397 1679 2454 pars
1710 2388 2008 2454 apparatus

282 2487 662 2553 exponeretur.
709 2478 1044 2536 Venationes
1090 2489 1275 2534 autem
1322 2476 1591 2554 ludosque
1633 2488 1689 2533 et
1733 2495 1861 2532 cum
1898 2474 2011 2532 col-

281 2574 433 2654 lega,
463 2588 519 2633 et
546 2579 840 2654 separatim
858 2620 874 2649 ,
906 2577 1079 2635 edidit
1110 2599 1124 2634 τ
1155 2599 1266 2655 quo
1296 2577 1502 2648 factum
1531 2588 1645 2650 est,
1675 2588 1737 2633 ut
1765 2595 2013 2632 commu-

283 2676 436 2732 nium
478 2697 700 2754 quoque
743 2678 1116 2755 impensarum
1153 2677 1300 2735 solus
1344 2677 1577 2756 gratiam
1623 2686 1874 2754 caperet;
1911 2695 2012 2731 nec

283 2774 652 2832 dissimularet
676 2775 884 2855 collega
909 2779 1026 2854 ejus
1053 2781 1134 2842 M,
1166 2776 1421 2850 Bibulus,
1456 2776 1702 2834 evenisse
1733 2776 1835 2832 sibi
1864 2772 2014 2851 quod

284 2872 514 2931 Polluci.
553 2876 630 2932 Ut
664 2875 809 2931 enim
846 2877 1076 2953 geminis
1109 2876 1369 2935 fratribus
1399 2877 1539 2934 aedes
1568 2876 1627 2933 in
1662 2875 1782 2931 foro
1812 2873 2015 2930 consti-

287 2985 438 3046 tuta,
478 2986 689 3034 tantum
730 2976 972 3039 Castoris
1009 2987 1334 3047 vocaretur,
1373 2975 1447 3031 ita
1485 2995 1640 3033 suam
1678 2973 2015 3047 Caesarisque

290 3073 754 3148 munificentiam,
784 3076 947 3132 unius
977 3075 1202 3132 Caesaris
1235 3073 1361 3131 dici.
1394 3074 1609 3150 Adjecit
1640 3074 1867 3148 insuper
1899 3072 2016 3127 Cae-

289 3193 376 3228 sar
414 3174 575 3230 etiam
615 3173 1000 3252 gladiatorium
1033 3196 1267 3247 munus,
1305 3174 1399 3231 sed
1432 3172 1714 3250 aliquanto
1747 3167 2018 3247 pauciori-

291 3273 419 3346 buS,
450 3295 614 3352 quam
645 3276 1040 3349 destinaverat,
1071 3277 1314 3354 paribuS.
1346 3277 1490 3333 Nam
1519 3291 1692 3349 quum
1723 3266 2015 3346 multiplici
