2372 3918
750 276 817 322 IN
853 276 905 322 C.
941 275 983 321 J.
1019 274 1346 321 CAESAREM.
1839 279 1926 326 153

258 374 392 422 Civili
413 374 587 420 animo.
619 373 677 420 Η.
707 388 748 420 e.
784 386 923 434 aequo
955 379 1003 418 et
1032 368 1244 416 remisso.

258 462 369 511 Cn.
403 462 624 513 Lxxvl.
666 461 948 507 Proenomen
977 458 1304 519 Imperatoris.
1334 460 1489 504 Antea
1525 459 1693 520 duces,
1727 479 1779 509 re
1809 463 1933 510 bene

186 547 331 602 gesta,
357 540 661 601 imperatores
682 536 1022 584 salutabantur.
1048 535 1223 594 Caesar,
1253 542 1301 580 et
1330 535 1416 597 qui
1442 551 1551 582 eum
1575 539 1721 583 secuti
1737 550 1862 599 sunt,
1883 540 1934 587 id

187 625 458 663 sumserunt
467 634 481 675 ;
493 614 577 662 sed
591 614 657 661 ita
666 622 722 660 ut
747 627 934 675 semper.
946 611 1130 658 nomini
1145 611 1477 671 subjiceretur.
1492 614 1570 659 Ab
1587 614 1679 660 hoc
1696 624 1912 677 tempore
1923 654 1936 677 ,

183 691 235 738 in
258 707 535 754 praenomen
560 705 843 739 conversum
867 697 1036 735 notare
1067 689 1213 751 coepit
1235 703 1471 736 summum
1502 690 1771 751 imperium.

247 782 527 831 Flaminem.
545 779 669 839 Cic„
699 778 911 839 Philipp.
937 794 1005 836 11,
1030 778 1090 834 43
1119 795 1131 824 t
1155 797 1174 819 α
1189 780 1344 838 Quem
1375 778 1414 824 is
1438 777 1668 838 majorem
1702 780 1935 828 honorem

183 866 464 905 consecutus
475 866 596 916 erat,
611 870 756 919 quam
771 863 826 901 ut
841 855 1039 901 baberet
1059 855 1295 916 pulvinar,
1318 856 1648 915 simulacrum,
1672 856 1911 919 fastigium
1925 895 1936 917 ,

183 932 439 982 flaminem.
475 935 558 981 Est
585 948 700 995 ergo
742 930 939 991 flamen,
971 941 1026 978 ut
1049 932 1186 991 Jovi,
1228 941 1282 978 ut
1316 932 1488 992 Marti,
1518 942 1574 978 ut
1606 933 1839 993 Quirino,
1874 936 1933 981 sic

184 1010 298 1058 divo
323 1011 453 1060 Julio
476 1013 545 1058 Μ.
567 1009 841 1058 Antonius?
863 1030 884 1052 ι»

245 1100 498 1161 Lupercos.
532 1098 650 1157 Dio,
673 1113 816 1157 xmv,
839 1113 888 1159 p.
923 1097 1017 1153 243
1045 1113 1057 1142 ἓ
1090 1096 1310 1164 Ῐεροποιοὺς
1338 1121 1385 1147 τε
1410 1105 1447 1154 ἐς
1461 1110 1533 1148 τοῦ
1555 1108 1688 1156 Πανὸς
1707 1123 1935 1165 γυμνοπαι-

181 1179 296 1237 ὃιὰς,
311 1184 449 1243 τρίτην
476 1183 570 1227 τινὰ
603 1184 781 1242 ἑταιρίαν
796 1216 808 1236 ,
833 1184 879 1231 ἢν
922 1174 1077 1226 Ῐουλίαν
1114 1183 1350 1242 ὠνόμασαν.
1374 1176 1493 1221 Duae
1515 1177 1851 1224 tantummodo
1879 1178 1940 1225 ad

177 1253 272 1300 hoc
304 1263 493 1315 tempus
517 1256 839 1316 Lupercorum
869 1252 1143 1300 sodalitates
1167 1270 1178 1299 ε
1201 1253 1522 1299 Fabianorum
1546 1262 1594 1299 et
1613 1254 1935 1312 Quintiliano-

180 1348 295 1378 rum.
319 1331 444 1379 Vide
462 1332 677 1380 Fls-run.

249 1419 494 1467 Substituit
514 1420 617 1468 sibi.
644 1419 764 1466 Inde
787 1418 1109 1466 substituendi
1135 1418 1227 1464 sibi
1246 1419 1391 1464 alium
1418 1420 1719 1466 consuetudo
1742 1420 1938 1483 incepit.

178 1497 382 1545 Suffecti
401 1498 464 1555 Q.
489 1497 668 1544 Fabius
689 1497 929 1543 Maximus
959 1505 1006 1542 et
1040 1497 1091 1543 C.
1124 1496 1418 1555 Trebonius3
1443 1506 1491 1542 et
1512 1513 1676 1544 rursus
1706 1497 1757 1543 in
1779 1499 1942 1545 locum

177 1574 540 1637 Maximi,prid.
563 1575 656 1621 kal.
678 1575 778 1636 jan.
803 1574 1044 1633 defuncti,
1061 1573 1111 1620 C.
1128 1574 1355 1621 Caninius
1370 1575 1581 1622 Rebilus.
1609 1576 1680 1621 Cf.
1703 1578 1939 1637 Pmnms,

180 1655 334 1710 Anu„
361 1670 449 1714 111,
475 1670 525 1716 p.
558 1652 669 1713 457,
698 1663 745 1699 et
777 1656 1067 1700 BAumoAn‘r.

246 1741 444 1790 Comitia
476 1744 624 1788 nulla.
655 1743 784 1788 Toto
824 1756 882 1787 eo
916 1749 1136 1802 tempore
1171 1756 1271 1802 quo
1307 1742 1435 1788 victo
1465 1743 1695 1804 Pompeio
1718 1744 1940 1805 AEgypti,

175 1818 318 1867 Ponti
341 1828 389 1866 et
414 1820 586 1868 Afficae
601 1819 737 1866 bellis
760 1820 913 1866 Caesar
935 1818 1264 1878 detinebatur,
1283 1821 1413 1866 nulla
1440 1836 1575 1882 paene
1599 1821 1764 1867 habita
1794 1821 1943 1867 comi-

176 1895 356 1945 tiorum
376 1896 501 1944 ratio
515 1930 530 1955 ,
566 1912 620 1943 ac
641 1913 703 1942 ne
725 1896 855 1942 bello
882 1896 1081 1957 quidem
1105 1894 1423 1957 hispaniensi3
1450 1897 1534 1943 sed
1557 1897 1770 1959 magistri
1798 1898 1942 1960 equi-—

177 1982 309 2032 tum,
342 1973 553 2034 primum
586 1973 855 2033 Antonius,
885 1982 1054 2034 postea
1098 1972 1337 2033 Lepidus,
1383 1975 1579 2021 absente
1622 1975 1800 2021 Caesare
1817 2009 1831 2033 ,
1867 1991 1943 2022 res

175 2050 383 2099 urbanas
405 2051 811 2098 administrarant.

242 2127 611 2191 Proefectosque.
642 2131 716 2175 De
731 2128 1014 2191 magistratu
1040 2139 1171 2173 novo
1186 2164 1198 2187 ‚
1222 2128 1316 2173 hoc
1338 2128 1535 2175 nomine
1560 2130 1673 2175 inde
1701 2144 1727 2174 a
1752 2131 1943 2178 Caesaris

174 2213 393 2267 tempore
419 2206 570 2252 creari
593 2206 762 2264 solito,
780 2205 839 2251 cf.
869 2207 1069 2263 Rosm„
1093 2207 1255 2267 Antiq.
1289 2222 1404 2251 rom.
1418 2240 1434 2263 ‚
1469 2223 1571 2266 vu,
1604 2214 1660 2263 14
1679 2243 1692 2266 ,
1720 2206 1829 2264 504.

244 2284 489 2330 Praesente
515 2299 580 2329 se.
615 2283 769 2330 Aliter
793 2283 916 2342 Dio,
950 2298 1109 2341 xmn,
1126 2298 1175 2344 p.
1202 2283 1294 2342 237
1330 2300 1340 2328 :
1376 2282 1428 2333 ἐν
1463 2298 1514 2350 τῇ
1539 2289 1760 2350 ἀποδημίᾳ
1788 2299 1840 2350 τῇ
1870 2299 1941 2336 τοῦ

175 2367 389 2427 Καίσαρος
412 2368 447 2412 οἱ
465 2369 710 2427 Πολιανόμοι
726 2368 868 2412 πάντα
891 2366 946 2411 τὰ
971 2369 1008 2410 ἐν
1041 2373 1100 2423 τῷ
1119 2369 1237 2411 ἄστει
1260 2370 1495 2426 πράγματα
1520 2369 1629 2427 μετὰ
1652 2374 1723 2413 τοῦ
1754 2366 1940 2413 Λεπίδου

176 2445 479 2504 ἱππαρχοῦντος
504 2446 637 2503 ἔσχον.

245 2528 449 2575 Petenti.
476 2529 661 2588 Nempe
693 2527 744 2573 C.
777 2526 979 2573 Caninio
1003 2526 1197 2585 Rebilo,
1227 2527 1336 2587 qui,
1368 2543 1431 2572 ex
1466 2528 1609 2573 Treb.
1643 2528 1762 2574 Poll.
1812 2545 1939 2589 vm,

176 2603 229 2650 in
258 2619 342 2651 sex
368 2604 513 2651 horas
538 2604 850 2651 Consulatum
876 2603 1082 2664 suscepit
1109 2619 1121 2649 ι
1147 2623 1165 2644 α
1181 2605 1348 2649 consul
1374 2604 1480 2663 ille,
1503 2605 1590 2666 qui
1612 2621 1693 2651 sex
1722 2606 1939 2666 pomeri-

179 2680 331 2728 dianis
353 2680 487 2728 horis
510 2683 809 2728 consulatum
833 2682 1059 2728 suffectus
1080 2682 1264 2727 habuit.
1287 2703 1305 2722 »
1333 2682 1474 2728 Unde
1503 2683 1642 2742 jocus
1655 2683 1731 2729 ille
1760 2683 1854 2731 Cic.
1875 2683 1942 2730 ad

181 2761 319 2806 Fam.
333 2792 351 2816 ,
375 2776 478 2818 vu,
504 2760 566 2807 30
592 2777 603 2806 :
629 2780 649 2801 «
665 2759 867 2806 Caninio
891 2760 1110 2817 consule,
1125 2759 1243 2805 scito
1267 2760 1505 2805 neminem
1530 2761 1790 2821 prandisse.
1811 2762 1940 2808 Nihil

182 2846 341 2883 tamen
372 2853 431 2883 eo
455 2839 650 2884 consule
680 2837 792 2884 mali
816 2837 994 2884 factum
1019 2845 1088 2883 est
1122 2852 1133 2882 :
1169 2837 1260 2887 fuit
1287 2838 1414 2882 enim
1437 2837 1638 2886 mirifica
1670 2839 1941 2901 vigilantia,

181 2914 267 2976 qui
290 2930 379 2961 suo
410 2923 515 2962 toto
543 2916 794 2961 consulatu
820 2931 1041 2961 somnum
1064 2931 1165 2960 non
1195 2915 1382 2961 viderit.
1415 2936 1435 2958 »

250 2995 311 3038 In
338 2995 506 3054 plures
545 3009 711 3039 annos.
744 2995 802 3039 In
838 2993 1252 3055 quinquennium3
1276 2995 1510 3055 Appiam,
1546 2996 1604 3040 B.
1642 2995 1689 3040 C.
1724 3012 1738 3039 :
1769 3003 1836 3051 Εἰς
1861 3003 1937 3061 γὰρ

183 3077 405 3127 πινταιτὶς
426 3077 497 3121 καὶ
528 3078 582 3121 τὰ
615 3077 769 3122 ἀστικὰ
798 3080 893 3137 ἡμῖν
930 3077 985 3122 τὰ
1015 3078 1185 3128 ἐτήσια,
1220 3078 1291 3121 καὶ
1323 3079 1397 3129 τὰς
1438 3086 1517 3123 τῶν
1555 3081 1674 3123 ἰθνῶν
1703 3082 1728 3128 ἢ
1770 3097 1942 3137 στρατο-

187 3150 325 3198 πέδων
352 3155 570 3213 ἡγεμονίας
585 3151 822 3205 διετάξατο.

258 3234 535 3281 Consularia
565 3246 858 3283 ornamenta.
907 3235 1014 3282 Scil.
1051 3237 1208 3283 sellam
1242 3238 1480 3297 curulem,
1514 3238 1660 3284 fasces
1698 3245 1744 3283 et
1777 3246 1938 3299 togam

186 3322 473 3375 praetextam.
