2372 3918
976 264 1410 311 VESPASIANUS.
2023 274 2043 319 l.
2056 267 2082 312 5

336 373 554 447 luisses,
576 399 603 428 ‚2
635 357 958 448 litterasque
986 370 1284 427 revocavit.
1328 366 1655 425 Classia1·ios
1692 391 1855 442 vcro,
1887 372 1983 448 qui
2006 372 2076 428 al»

334 477 491 534 Ostia
528 487 581 532 et
609 470 853 531 Puteolis
890 473 1126 527 Romam
1161 467 1392 545 pedibus
1423 489 1521 545 per
1550 469 1694 525 vices
1725 484 2079 539 commeant,

340 588 614 655 petentes,
636 599 663 626 α
678 571 941 630 constitui
967 568 1180 647 aliquid
1208 568 1313 625 sibi
1334 566 1580 625 calciarii
1603 572 1855 643 nomine,
1870 596 1897 624 »
1919 575 2077 650 quasi

335 696 531 754 parum
553 686 695 731 esset
738 673 856 730 sine
882 691 1149 750 responso
1193 670 1470 747 abegisse,
1499 669 1667 746 jussit
1704 673 1947 748 posthaec
1984 695 2079 731 ex·

330 774 589 833 calciatos
631 773 899 832 cursitare
943 793 955 827 :
992 783 1048 827 et
1089 792 1154 827 ex
1199 792 1266 828 eo
1316 771 1392 827 ita
1437 771 1728 828 cursitant.
1773 773 2075 844 Achaiam,

330 878 579 955 Lyciam,
628 873 920 945 Rhodum,
968 873 1335 950 Byzantium,
1378 874 1633 944 Samum,
1678 870 1932 930 libertate
1980 875 2077 931 ad-

330 991 513 1051 emta,
547 978 675 1033 item
704 976 1036 1043 Thraciam,
1081 972 1337 1031 Ciliciam
1358 1016 1373 1044 ,
1406 985 1462 1029 et
1510 975 1961 1051 Commagenen,
1998 975 2076 1030 di-

328 1079 496 1135 tionis
536 1078 703 1156 regiae
746 1097 923 1153 usque
951 1074 1022 1132 ad
1054 1074 1110 1131 id
1144 1087 1397 1152 tempus,
1424 1075 1479 1130 in
1515 1075 1930 1152 provinciarum
1968 1076 2077 1132 soi·-

327 1202 478 1237 mvam
509 1179 737 1258 redegit.
765 1176 1133 1256 Cappadociae
1161 1189 1392 1255 propter
1423 1175 1672 1233 assiduos
1702 1177 2075 1235 Barbarorum

326 1283 580 1339 incursus
615 1279 856 1359 legiones
896 1278 1145 1350 addidit,
1183 1276 1646 1354 consularemque
1669 1290 1939 1334 rectorem
1974 1280 2077 1336 im·

327 1385 512 1461 posuit
535 1404 638 1461 pro
669 1382 855 1460 equite
886 1401 1137 1438 romano.
1175 1378 1460 1437 Deformis
1492 1380 1642 1437 Urbs
1675 1380 1953 1438 veteribus
1989 1383 2075 1437 in-

325 1483 535 1541 cendiis
568 1505 634 1541 ac
661 1484 837 1540 ruinis
871 1495 989 1539 erat
1027 1503 1039 1538 :
1079 1501 1279 1538 vacuas
1307 1500 1461 1537 areas
1485 1501 1791 1559 occupare,
1823 1494 1879 1538 et
1900 1482 2074 1540 aedifi-

327 1605 482 1658 care,
508 1586 553 1642 si
579 1593 1261 1662 possessorescessarent,
1300 1582 1614 1658 cuicunque
1646 1584 1911 1661 permisit.
1952 1586 2077 1662 Ipse

326 1686 737 1742 restitutionem
780 1683 1044 1762 Capitolii
1073 1704 1396 1762 aggressuS,
1443 1681 1739 1740 ruderibus
1771 1686 2077 1764 purgandis

309 1806 529 1843 .manus
559 1785 772 1863 primus
797 1784 1079 1856 admovit,
1107 1804 1173 1840 ac
1209 1803 1310 1840 suo
1349 1781 1493 1840 collo
1537 1783 1791 1860 quaedam
1825 1785 2025 1843 extulit
2062 1809 2074 1842 :

323 1906 706 1964 aerearumque
753 1884 1068 1942 tabularum
1105 1885 1210 1941 tria
1247 1882 1449 1957 millia,
1497 1904 1620 1961 quae
1665 1884 1831 1941 simul
1865 1887 2075 1944 confla-

321 1999 619 2067 gravei-ant
638 2032 656 2059 ,
711 1984 1050 2044 restituenda
1103 1986 1381 2063 suscepit,
1436 1983 1684 2062 undique
1730 1985 2073 2066 investigatis

323 2090 764 2169 exemplaribus3
801 2091 1234 2147 instrumentum
1267 2088 1486 2167 imperii
1527 2086 1970 2166 pulcherrimum
2009 2113 2073 2148 ac

326 2193 763 2250 vetustissimum
780 2235 796 2262 ,
825 2212 938 2269 quo
963 2191 1394 2248 continebantur
1419 2210 1576 2267 paene
1609 2189 1679 2248 ab
1703 2190 1933 2248 exordio
1957 2195 2072 2250 Ur-

323 2293 408 2351 bis
427 2292 949 2365 senatusconsulta,
983 2291 1271 2371 plebiscita
1291 2335 1307 2365 ,
1345 2290 1413 2348 de
1439 2292 1729 2365 societate,
1759 2304 1816 2349 et
1845 2292 2074 2361 foedere,

323 2415 388 2452 ac
421 2392 749 2474 privilegiO,
779 2395 1093 2472 cuicunque
1125 2394 1417 2450 concessis.

402 2500 504 2554 IX.
537 2497 689 2553 Fecit
712 2508 947 2555 et.nova
974 2516 1172 2574 opera,
1210 2494 1483 2573 templum
1516 2496 1672 2553 Pacis
1702 2499 1848 2553 Foro
1876 2499 2066 2574 proxi·

323 2619 503 2670 mum;
550 2597 776 2675 divique
810 2595 1056 2655 Claudii.
1081 2597 1137 2652 in
1171 2595 1348 2654 Coelio
1389 2592 1607 2669 monte,
1661 2610 1903 2676 coeptum
1953 2601 2075 2676 qui-

322 2698 556 2756 demab
604 2698 947 2777 Agrippina,
992 2697 1086 2755 sed
1121 2703 1154 2755 a
1195 2699 1430 2756 ‚Nerone
1475 2719 1652 2777 prope
1684 2698 1937 2768 funditus
1977 2700 2074 2756 de-

321 2811 596 2857 structum
637 2821 649 2855 ι
685 2800 819 2856 item
854 2798 1331 2876 amphitheatrum
1363 2799 1503 2856 urbe
1555 2798 1762 2873 media,
1805 2813 1871 2857 ut
1902 2800 2073 2858 desti-

326 2921 486 2958 nasse
526 2913 873 2980 compererat
915 2889 1248 2977 Augustum.
1284 2899 1667 2978 Amplissimos
1708 2900 1933 2959 ordines
1958 2947 1974 2972 ,
2023 2916 2075 2959 et

322 3002 620 3060 exhaustos
653 3000 800 3059 caede
828 3002 1009 3073 varia,
1045 3013 1100 3058 et
1133 3001 1543 3058 contaminatos
1576 3003 1749 3059 veteri
1785 3001 2072 3081 negligen-

322 3104 432 3174 tia,
470 3103 760 3181 purgavit;
810 3100 1234 3180 supplevitque,
1271 3122 1498 3158 recenso
1523 3114 1717 3159 senatu
1753 3115 1807 3159 et
1856 3104 2073 3180 equite3

321 3204 612 3262 summotis
656 3202 1080 3282 indignissimis,
1118 3215 1180 3259 et—
1216 3203 1608 3259 honestissimo
1649 3223 1874 3280 quoque
1918 3202 2072 3260 ltali-

322 3326 514 3362 corum
541 3326 604 3362 ac
631 3302 1057 3382 provincialium
1081 3302 1294 3382 allecto.
1330 3308 1537 3380 Atque,
1571 3304 1650 3360 uti
1678 3316 1875 3361 notum
1905 3318 2071 3376 esset,
