2372 3918
407 282 424 311 ι
435 263 497 321 46
1075 267 1125 312 C.
1163 268 1453 315 SUETONII

400 371 565 427 domo
595 391 815 448 quoque
844 371 1060 449 egredi,
1089 384 1145 428 et
1179 373 1508 429 commercio
1545 372 1834 428 hominum
1860 373 1999 446 frui,
2032 397 2120 432 ve-

398 472 568 527 tuerit
596 491 609 527 :
641 470 737 527 sed
770 482 824 527 et
853 470 1069 547 peculio
1104 492 1362 530 concesso
1391 494 1423 528 a
1456 484 1610 549 patre
1646 473 1994 550 praebitisque
2024 495 2122 531 an-

398 573 524 628 nuis
559 570 865 645 fraudavit,
894 591 993 649 per
1018 572 1253 649 speciem
1281 571 1487 650 publici
1506 573 1676 649 juriS,
1706 573 1855 649 quod
1884 573 2020 630 nihil
2054 575 2121 631 de

395 672 481 728 his
519 675 797 750 Augustus
832 683 1161 728 testamento
1197 674 1441 730 cavisset.
1479 675 1716 730 Matrem
1749 674 1962 731 Liviam
1995 695 2119 752 gra-

395 783 553 828 vatus
570 815 584 843 ,
617 771 766 827 velut
787 783 971 848 partes
998 771 1101 827 sibi
1126 792 1308 849 aequas
1338 775 1597 850 potentiae
1625 773 2024 846 vindicantem,
2061 788 2117 830 et

395 892 754 949 congressum
772 871 888 948 ejus
912 869 1192 928 assiduum
1213 873 1436 944 vitavit,
1463 886 1518 930 et
1550 872 1827 951 longiores
1862 876 2120 931 secretio-
2181 932 2186 936 ,

393 991 589 1049 resque
619 991 927 1044 sermoneS,
956 991 1026 1027 ne
1054 971 1171 1048 ejus
1200 971 1441 1029 consiliis
1459 1015 1474 1045 ,
1510 975 1713 1050 quibus
1744 986 1927 1030 tamen
1959 975 2123 1030 inter-

393 1069 526 1126 dum
551 1083 606 1127 et
640 1091 799 1150 egere
827 1083 882 1127 et
915 1072 995 1127 uti
1031 1070 1269 1146 solebat,
1301 1073 1420 1151 regi
1449 1072 1749 1130 videretur.
1780 1073 1932 1130 Tulit
1955 1075 2121 1131 etiam

393 1170 747 1249 perindigne,
779 1183 962 1227 actum
997 1173 1053 1227 in
1092 1185 1313 1244 senatu,
1340 1184 1404 1229 ut
1436 1171 1609 1229 titulis
1641 1174 1779 1246 suiS,
1818 1174 1974 1250 quasi
2006 1177 2121 1231 Au-

393 1272 568 1348 gusti,
600 1272 678 1327 ita
706 1283 760 1327 et
788 1272 959 1327 Liviae
986 1270 1163 1346 filius,
1196 1273 1544 1349 adjiceretur.
1568 1274 1755 1345 Quare
1785 1294 1898 1329 non
1917 1294 2124 1353 paren-

391 1381 497 1427 tem
510 1373 727 1450 patrioe
759 1369 1059 1447 appellari,
1094 1391 1206 1427 non
1239 1370 1415 1426 ullum
1438 1372 1708 1448 insignem
1734 1372 2004 1428 honorem
2035 1393 2123 1428 re-

394 1470 575 1547 cipere
609 1468 829 1546 publice
861 1488 1054 1546 passus
1086 1482 1181 1526 est.
1215 1467 1322 1525 Sed
1356 1482 1410 1526 et
1445 1469 1761 1546 frequenter
1797 1470 2122 1544 admonuit,

392 1570 736 1646 «majoribus
767 1589 868 1625 nec
896 1568 1110 1625 feminae
1136 1569 1590 1626 convenientibus
1619 1570 1855 1648 negotiis
1886 1570 2124 1627 abstine-

391 1682 476 1726 ret
499 1690 560 1725 t»
592 1669 895 1747 praecipue,
929 1681 992 1725 ut
1024 1668 1440 1741 animadvertit,
1474 1669 1728 1726 incendio
1755 1671 1916 1748 juxta
1949 1670 2119 1727 aedem

388 1772 572 1828 Vestae
592 1781 647 1825 et
664 1770 837 1846 ipsam
855 1769 1235 1839 intervenisse,
1261 1768 1645 1849 populumque
1674 1783 1729 1826 et
1750 1769 1952 1827 milites
1969 1813 1985 1844 ,
2006 1792 2119 1848 quo

301 1940 318 1952 ο
390 1869 603 1924 enixius
635 1889 799 1946 opem
821 1867 1059 1939 ferrent,
1094 1867 1473 1940 adhortatam,
1505 1871 1648 1925 sicut
1668 1870 1769 1926 sub
1800 1871 2002 1926 marito
2036 1891 2122 1926 so-

389 1967 489 2024 lita
517 1981 673 2025 esset.
818 2044 820 2047 ἵ

470 2072 565 2125 LI.
599 2069 819 2126 Dehinc
854 2069 924 2126 ad
966 2069 1303 2127 simultatem
1338 2091 1515 2147 usque
1553 2072 1851 2148 processit,
1887 2072 2024 2143 hae,
2059 2085 2124 2128 ut

388 2169 599 2241 ferunt,
634 2169 701 2226 de
738 2190 919 2227 causa.
958 2171 1196 2227 Instanti
1233 2171 1453 2249 saepiUS,
1482 2183 1546 2227 ut
1582 2172 1806 2228 civitate
1851 2171 2120 2228 donatum

389 2269 446 2326 in
483 2269 731 2326 decurias
765 2269 1052 2349 allegeret,
1086 2272 1334 2349 negavit,
1366 2270 1476 2327 alia
1513 2292 1570 2328 se
1608 2271 1926 2328 conditione
1956 2271 2121 2328 allec-

389 2383 613 2443 turum,
648 2391 818 2448 quam
854 2371 900 2427 si
933 2384 1218 2450 pateretur
1261 2372 1458 2428 ascribi
1503 2370 1658 2444 albo,
1703 2384 2027 2428 «extortum
2065 2371 2123 2427 id

389 2471 493 2527 sibi
527 2491 560 2526 a
587 2483 779 2527 matre.
798 2496 826 2525 >2
859 2475 936 2529 At
967 2471 1061 2527 illa
1088 2483 1393 2544 commota,
1417 2482 1627 2527 veteres
1660 2471 1931 2548 quosdam
1964 2472 2036 2528 ad
2067 2493 2123 2527 se

388 2571 626 2647 Augusti
664 2569 944 2627 codicillos
976 2571 1043 2626 de
1075 2572 1373 2627 acerbitate
1415 2582 1471 2627 et
1508 2570 1864 2627 intolerantia
1896 2592 2118 2627 morum

389 2670 537 2746 ejm,
570 2690 601 2725 e
642 2671 882 2725 sacrario
922 2670 1154 2747 protulit
1190 2684 1355 2747 atque
1391 2671 1661 2727 recitavit.
1699 2675 1815 2727 Hos
1852 2684 1907 2728 et
1937 2683 2121 2728 custo-

371 2767 533 2850 ¹¹ditos
564 2769 775 2824 tamdiu
794 2813 809 2839 ,
841 2781 895 2824 et
918 2770 1279 2846 exprobratos
1311 2782 1425 2826 tam
1457 2770 1681 2845 infeste,
1712 2771 1849 2827 adeo
1881 2773 2122 2849 graviter

387 2865 549 2940 tulit,
581 2880 645 2923 ut
679 2869 905 2945 quidam
935 2881 1166 2946 putent,
1198 2871 1343 2926 inter
1379 2892 1572 2927 causas
1614 2892 1858 2927 secessus
1897 2872 2040 2927 hanc
2072 2873 2123 2926 ei

387 2965 476 3022 vel
527 2969 859 3045 praecipuam
902 2969 1085 3026 fuisse.
1125 2973 1267 3026 Toto
1298 2970 1523 3047 quidem
1572 2972 1842 3043 triennio,
1885 2992 1997 3047 quo
2041 2971 2122 3025 vi·

387 3078 550 3123 vente
593 3080 770 3124 matre
808 3068 1019 3141 abfuit,
1055 3068 1220 3126 semel
1262 3071 1490 3126 omnino
1537 3092 1692 3141 eam,
1744 3092 1844 3127 nec
1885 3069 2120 3146 amplius

388 3185 555 3241 quam
590 3188 703 3223 uno
738 3167 859 3240 die,
892 3190 956 3226 ac
987 3170 1331 3246 paucissimis
1365 3170 1501 3225 vidit
1534 3171 1685 3227 horis
1718 3192 1731 3226 :
1765 3190 1828 3226 ac
1870 3189 1998 3224 mox
2028 3188 2121 3223 ne-

389 3284 496 3338 que
533 3286 690 3342 aegrae
726 3266 914 3323 adesse
948 3269 1193 3338 curavit3
1234 3269 1694 3344 defunctamque,
1727 3281 1813 3338 et,
1849 3268 1981 3322 dum
2019 3259 2138 3352 ad-'.
