2372 3918
364 263 2079 285 fflmmmmmmwwwmmmmmm

578 546 1159 653 OCTAVIUS
1223 563 1856 653 AUGUSTUS.

1098 913 1338 927 ——-—

356 1181 401 1235 Ι.
447 1132 744 1241 GENTEM
772 1159 1060 1233 Octaviam
1096 1173 1324 1233 Velitris
1358 1174 1691 1251 praecipuam
1725 1170 1858 1228 olim
1885 1171 2083 1240 fuisse,

356 1276 531 1334 multa
560 1276 858 1337 declarant.
890 1278 1034 1333 Nam
1065 1287 1121 1331 et
1147 1277 1300 1331 vicus
1326 1274 1681 1331 celeberrima
1706 1286 1863 1350 parte
1893 1273 2084 1351 oppidi

350 1378 464 1454 jam
508 1376 724 1453 pridem
768 1377 1032 1432 Octavius
1074 1375 1378 1431 vocabatur
1417 1396 1430 1430 z
1467 1386 1524 1430 et
1561 1373 1949 1449 ostendebgtur
1990 1393 2085 1429 ara

356 1477 592 1534 Octavio
619 1486 964 1547 consecrata,
997 1475 1092 1550 qui
1122 1472 1268 1529 bello
1300 1473 1413 1529 dux
1442 1472 1709 1544 finitimO,
1738 1494 1910 1549 quum
1944 1472 2084 1528 forte

357 1576 528 1632 Marti
577 1596 695 1631 rem
746 1574 990 1631 divinam
1041 1573 1279 1646 faceret,
1332 1574 1587 1629 nuntiata
1636 1585 1862 1650 repente
1913 1573 2084 1629 hostis

357 1676 700 1746 incursione,
733 1673 1038 1731 semicruda
1071 1684 1195 1729 exta
1226 1684 1384 1750 rapta
1419 1672 1541 1729 foco
1576 1674 1889 1750 prosecuit,
1919 1684 2083 1749 atque

357 1777 434 1831 ita
479 1773 735 1853 proelium
780 1776 1055 1852 ingressus
1072 1816 1087 1845 ‚
1126 1774 1303 1829 victor
1342 1772 1521 1829 rediit.
1571 1776 1870 1830 Decretum
1916 1774 2079 1829 etiam

359 1875 641 1953 publicum
669 1875 939 1947 exstabat,
968 1895 1080 1951 quo
1099 1874 1425 1946 cavebatur,
1452 1885 1513 1929 ut
1546 1874 1603 1929 in
1634 1884 1916 1951 posterum
1944 1894 2081 1951 quo-

358 1997 466 2053 que
493 1974 654 2032 simili
682 1975 847 2031 modo
874 1987 997 2031 exta
1025 1974 1195 2030 Marti
1223 1973 1605 2044 redderentur,
1633 1971 1983 2051 reliquiaeque
2011 1973 2081 2034 ad

359 2078 618 2134 Octavios
646 2076 997 2133 referrentur.

436 2179 506 2234 Π.
553 2180 632 2233 Ea
670 2198 802 2255 gens
839 2197 870 2232 a
903 2176 1206 2253 Tarquinio
1241 2177 1427 2232 Prisco
1463 2197 1590 2254 rege
1626 2176 1771 2232 inter
1803 2179 2081 2232 Romanas

358 2289 547 2355 gentes
573 2276 767 2333 allecta
794 2274 884 2356 [in
909 2275 1238 2356 Senatum]‚
1262 2297 1391 2332 mox
1419 2297 1450 2331 a
1477 2278 1588 2332 Ser.
1619 2274 1802 2333 Tullio
1829 2276 1885 2331 in
1914 2277 2083 2353 patri-

357 2377 467 2433 cias
497 2376 845 2449 transducta,
880 2376 1214 2454 procedente
1242 2388 1488 2453 tempore
1517 2375 1585 2432 ad
1612 2376 1825 2453 plebem
1853 2397 1908 2432 se
1945 2397 2079 2433 con-

358 2476 510 2549 tulit,
534 2498 597 2533 ac
624 2497 814 2533 rursus
839 2496 1039 2553 magno
1064 2474 1354 2531 intervallo
1376 2496 1475 2552 per
1496 2479 1566 2532 D.
1593 2479 1624 2532 J
1627 2474 1801 2531 ulium
1827 2477 1883 2531 in
1908 2477 2080 2553 patri-

358 2578 563 2632 ciatum
577 2577 755 2632 rediit.
771 2578 989 2632 Primus
1008 2597 1074 2631 ex
1089 2577 1193 2631 hac
1211 2576 1594 2653 magistratum
1612 2575 1804 2654 populi
1817 2577 2078 2655 suffragio

357 2677 500 2753 cepit
527 2678 591 2732 C.
622 2675 817 2732 Rufus,
846 2679 900 2731 Is
929 2677 1252 2751 quaestorius
1282 2679 1494 2733 Cneum
1526 2688 1579 2732 et
1604 2678 1800 2732 Caium
1826 2698 2101 2756 procrea--

359 2776 435 2832 vit
459 2798 471 2831 ε
498 2797 529 2831 a
550 2776 749 2852 quibus
771 2774 973 2852 duplex
999 2776 1353 2833 Octaviorum
1379 2775 1584 2832 familia
1609 2776 1862 2850 defluxit,
1887 2778 2076 2835 condi-

358 2877 507 2932 tione
533 2875 768 2947 diversa3
798 2875 1067 2951 siquidem
1093 2876 1299 2947 CneUS,
1328 2887 1382 2931 et
1407 2875 1662 2954 deinceps
1691 2878 1759 2933 ab
1787 2899 1852 2934 eo
1878 2877 2073 2955 reliqui

357 2998 570 3049 omneS,
596 2976 768 3031 functi
796 2987 923 3030 sunt
950 2975 1251 3031 honoribus
1278 2978 1521 3032 summis.
1555 2980 1630 3033 At
1657 2979 1821 3034 Caius
1849 2980 2074 3056 ejusque

357 3078 591 3153 posteri,
626 3097 721 3131 seu
756 3075 1006 3148 fortuna,
1045 3096 1139 3131 seu
1173 3074 1485 3146 voluntate,
1519 3077 1576 3131 in
1611 3079 1848 3154 equestri
1881 3078 2073 3134 ordine

358 3179 647 3233 constitere
667 3219 681 3246 ,
715 3196 885 3251 usque
920 3175 989 3230 ad
1026 3176 1260 3251 Augusti
1294 3187 1525 3252 patrem.
1562 3179 1803 3233 Proavus
1836 3180 2069 3255 Augusti

359 3277 597 3333 secundo
631 3276 835 3351 punico
864 3273 1006 3330 bello
1037 3273 1307 3349 stipendia
1344 3277 1399 3329 in
1428 3275 1610 3331 Sicilia
1644 3277 1896 3332 tribunus
1935 3277 2070 3334 mili-
