2372 3918
378 232 394 259 ι
415 232 467 259 ιι)
994 215 1268 262 HORATII
1304 217 1467 262 VITA.

370 321 574 396 subjeci
604 342 615 374 :
645 344 672 372 «
700 322 869 376 Sume
907 319 1005 374 tibi
1041 318 1250 396 aliquid
1289 321 1431 396 juris
1477 319 1624 395 apud
1667 341 1786 392 me,
1836 334 2095 399 tanquam

370 421 413 475 si
449 421 735 476 convictor
764 419 900 477 mihi
931 419 1097 475 fueris
1130 439 1143 474 :
1171 431 1319 475 recte
1343 420 1523 489 enim,
1556 431 1609 475 et
1640 441 1749 476 non
1785 432 1987 478 temere
2015 423 2095 478 fe-

368 521 540 591 ceris3
585 522 847 597 quoniam
893 519 948 575 id
993 539 1122 575 usus
1156 520 1293 575 mihi
1335 531 1513 575 tecum
1549 539 1662 576 esse
1697 519 1880 594 volui,
1913 524 1959 578 si
2002 543 2099 599 per

369 619 740 676 valetudinem
773 632 923 675 tuam
960 619 1077 675 fieri
1117 620 1308 696 possit.
1337 644 1363 672 »ι
1400 623 1469 676 Et
1499 640 1690 676 rursus
1726 641 1739 675 :
1770 643 1796 672 σε
1820 622 1927 677 Τυί
1955 642 2093 698 qua-

368 719 473 776 lem
497 720 727 776 babeam
753 719 1103 790 memoriam,
1131 720 1337 796 poteris
1362 740 1427 775 ex
1456 720 1723 798 Septimio
1751 741 1971 798 quoque
1996 743 2096 778 no-

366 831 480 875 stro
510 818 702 875 audire
733 841 745 875 t
777 840 906 875 nam
939 818 1160 892 incidit,
1192 831 1254 875 ut
1290 818 1386 876 illo
1415 840 1603 876 coram
1638 820 1791 876 fieret
1829 842 1860 876 a
1891 842 1981 877 me
2014 824 2095 878 tui

366 920 590 1007 mentio,
626 922 821 998 Neque
851 919 895 975 si
931 931 990 974 tu
1028 918 1297 1001 superbus
1327 920 1627 975 amicitiam
1665 933 1908 977 nostram
1941 943 2097 1000 spre-

365 1019 520 1089 visti,
571 1018 695 1076 ideo
747 1041 847 1076 nos
901 1040 1121 1097 quoque
1170 1015 1721 1095 ἀνθυπερηφανοῒιμεν.
1758 1045 1785 1074 »
1830 1023 2100 1078 Praeterea
2170 1082 2173 1083 γ

366 1139 508 1196 saepe
550 1121 695 1175 inter
734 1118 870 1175 alios
905 1121 1062 1197 jocos
1096 1143 1122 1171 «
1145 1121 1503 1198 purissimum
1533 1142 1729 1198 penem
1749 1165 1765 1195 ,
1788 1147 1816 1175 »
1853 1134 1907 1178 et
1940 1148 1967 1174 «
1992 1123 2094 1178 ho-

365 1220 719 1275 muncionem
765 1218 1162 1297 lepidissimum
1189 1246 1214 1273 »
1259 1219 1502 1299 appellat
1536 1242 1548 1276 τ
1585 1242 1802 1299 unaque
1836 1234 1890 1278 et
1922 1222 2096 1279 altera

366 1317 693 1374 liberalitate
712 1317 1086 1397 locupletavit.
1113 1321 1329 1396 Scripta
1358 1320 1582 1396 quidem
1605 1321 1723 1396 ejus
1752 1341 1926 1397 usque
1954 1322 2092 1378 adeo

364 1419 657 1498 probavit,
698 1438 1070 1496 mansuraque
1108 1431 1379 1496 perpetuo
1418 1421 1678 1497 opinatus
1726 1433 1836 1493 est,
1881 1434 1941 1477 ut
1986 1443 2099 1477 non

365 1518 531 1575 modo
558 1517 811 1575 Seculare
835 1538 1057 1574 carmen
1083 1519 1527 1596 componendum
1551 1519 1882 1597 injunxerit,
1915 1521 2013 1577 sed
2044 1534 2099 1578 et
2136 1578 2142 1584 ,

365 1618 692 1675 vindelicam
736 1619 1028 1675 victoriam
1066 1619 1274 1675 Tiberii
1330 1621 1610 1697 Drusique
1658 1622 2044 1699 privignorum
2081 1645 2092 1677 :

365 1740 604 1798 eumque
647 1721 889 1798 coegerit
929 1731 1160 1798 propter
1199 1720 1333 1792 hoe,
1378 1720 1553 1776 tribus
1589 1722 1898 1777 carminum
1939 1721 2096 1779 libris

366 1843 432 1877 ex
455 1821 623 1899 longo
646 1819 941 1877 intervallo
969 1832 1227 1896 quartum
1247 1820 1446 1876 addere
1467 1842 1479 1876 ε
1500 1833 1628 1897 post
1645 1824 1935 1879 Sermones
1959 1845 2095 1900 quo·

366 1944 473 1999 que
509 1921 711 2001 lectOS,
740 1920 950 1977 nullam
989 1921 1074 1976 sui
1107 1921 1440 1976 mentionem
1469 1921 1717 1978 habitam
1750 1923 1826 1979 ita
1851 1923 1924 1979 sit
1956 1946 2096 2001 que-

365 2034 480 2077 stus
512 2044 525 2076 :
558 2046 585 2074 c<
604 2021 773 2077 Irasci
804 2040 893 2076 me
920 2020 1022 2075 tibi
1045 2021 1181 2076 scito
1200 2063 1215 2092 ,
1244 2020 1394 2096 quod
1418 2041 1531 2076 non
1562 2021 1618 2077 in
1647 2020 1922 2100 plerisque
1947 2025 2092 2101 ejus-

366 2121 516 2178 modi
547 2121 764 2198 scriptis
793 2140 1011 2176 mecum
1043 2120 1392 2197 potissimum
1434 2119 1694 2198 loquaris.
1738 2125 1825 2179 An
1856 2125 2059 2180 vereris
2085 2169 2099 2198 ,

367 2243 435 2278 ne
459 2221 608 2298 apud
628 2232 875 2299 posteros
904 2221 1005 2276 tibi
1034 2219 1241 2275 infame
1264 2221 1361 2293 sit,
1384 2222 1534 2298 quod
1550 2221 1784 2280 videaris
1809 2222 2095 2281 familiaris

368 2323 527 2379 nobis
557 2320 708 2378 esse?
731 2345 758 2373 ³)
788 2321 1164 2398 expressitque
1198 2320 1474 2400 eclogam,
1510 2323 1667 2399 cujus
1709 2324 1927 2381 initium
1967 2338 2048 2382 est
2077 2348 2089 2381 ε

526 2464 686 2520 Quum
715 2470 790 2506 tot
815 2460 1042 2507 sustineas
1070 2470 1116 2506 et
1147 2470 1278 2506 tanta
1308 2460 1499 2522 negotia
1527 2464 1675 2520 solus,

525 2542 618 2585 Res
641 2540 776 2584 italas
800 2539 940 2583 armis
968 2538 1133 2584 tuteris
1148 2574 1160 2597 ,
1184 2539 1395 2586 moribus
1425 2555 1588 2599 ornes,

526 2617 731 2677 Legibus
759 2616 1003 2673 emendes;
1032 2615 1082 2660 in
1107 2615 1296 2676 publica
1320 2617 1573 2662 commoda
1600 2633 1814 2678 peccem,

524 2694 575 2739 Si
600 2695 746 2754 longo
773 2709 990 2740 sermone
1021 2709 1181 2753 morer
1211 2702 1289 2739 tua
1315 2702 1553 2755 tempora,
1578 2694 1743 2740 Caesar.

365 2821 626 2874 Horatius
669 2818 863 2874 habitu
916 2820 1163 2896 corporis
1206 2820 1386 2875 brevis
1437 2819 1576 2892 fuit,
1628 2833 1792 2896 atque
1841 2820 2039 2876 obesus
2082 2843 2094 2874 τ

366 2919 543 2997 qualis
574 2916 607 2975 a
643 2940 700 2975 se
730 2921 849 2997 ipso
878 2932 932 2975 et
967 2922 1024 2975 in
1057 2921 1246 2977 Satiris
1279 2919 1627 2993 describitur,
1660 2933 1713 2978 et
1743 2922 1811 2976 ab
1845 2926 2096 2998 Augusto

364 3022 469 3077 hac
491 3019 719 3098 epistola
748 3042 760 3077 z
788 3045 815 3073 «
837 3019 1074 3077 Pertulit
1102 3020 1170 3076 ad
1196 3042 1282 3076 me
1308 3022 1603 3098 Dionysius
1634 3020 1881 3078 libellum
1908 3034 2093 3092 tuum,

367 3143 530 3197 quem
561 3143 693 3199 eg0,
730 3134 793 3178 ut
835 3138 1086 3178 accusem
1128 3134 1212 3193 te,
1254 3120 1776 3198 quantuluscunque
1814 3134 1925 3193 est,
1961 3122 2091 3175 boni

367 3221 610 3277 consulO.
657 3224 850 3279 Vereri
884 3235 1063 3278 autem
1112 3221 1246 3276 mihi
1280 3222 1509 3294 videriS,
1551 3243 1619 3277 ne
1661 3223 1894 3297 majores
1925 3219 2093 3276 libelli
