2372 3918
307 216 365 261 26
726 219 734 227 '
899 282 902 289 Ι
989 215 1039 260 C.
1078 215 1374 261 SUETONII

306 319 495 397 stirpis
541 318 783 395 antiquae
809 361 824 390 ,
877 320 992 375 sive
1025 318 1299 397 pudendis
1332 318 1651 396 parentibus
1691 331 1855 395 atque
1885 320 2000 375 avis
2021 362 2036 391 ,

310 441 475 497 eques
522 431 670 476 certe
717 440 983 477 romanus
1005 463 1019 491 ,
1066 432 1120 477 et
1165 440 1350 476 rerum
1389 420 1623 498 Augusti
1674 431 2035 497 procurator,

306 533 549 598 quatuor
577 518 720 576 filios
746 519 1093 598 amplissimae
1122 520 1408 599 dignitatis
1432 525 1815 598 cognomines,
1841 541 1904 576 ac
1923 532 2040 575 tan-

311 634 428 678 tum
461 622 895 700 praenominibus
927 620 1247 694 distinctOS,
1285 620 1540 698 reliquit,
1587 619 1816 693 Aulum,
1853 621 2038 694 Quin-

309 734 456 795 tum,
481 707 769 793 Publium,
799 720 1259 791 Lucium.‚Aulus
1283 722 1340 778 in
1367 720 1658 778 consulatu
1688 721 1851 794 obiit,
1878 741 2042 797 quem

309 843 436 880 cum
470 823 748 896 Domitio,
780 817 1021 880 Neronis
1049 824 1279 881 Caesaris
1311 835 1496 901 patre,
1532 824 1729 879 inierat
1757 845 1768 878 :
1804 821 2040 900 praelau-

310 936 399 981 tus
440 922 647 1002 alioqui
667 967 682 997 ,
715 923 1067 1002 famosusque
1090 944 1375 981 coenarum
1403 922 1834 1002 magnificentia.
1863 924 2044 997 Quin-

310 1038 398 1082 tus
433 1026 613 1082 caruit
643 1024 868 1100 ordine,
905 1046 1078 1104 quum
1114 1038 1344 1082 auctore
1370 1025 1594 1082 Tiberio
1622 1026 1832 1081 secerni
1863 1025 2044 1079 minus

311 1123 540 1183 idoneos
571 1137 854 1183 senatores
878 1128 1257 1204 removerique
1285 1125 1593 1204 placuisset.
1616 1123 1873 1196 Publius,
1899 1126 2043 1182 Ger-

308 1225 509 1282 manici
530 1245 739 1299 comeS,
767 1228 872 1284 Cn.
899 1227 1156 1283 Pisonem
1179 1269 1194 1299 ,
1224 1227 1510 1283 inimicum
1545 1238 1600 1282 et
1634 1224 2044 1281 interfectorem

307 1326 453 1403 ejuS,
493 1327 774 1383 accusavit
813 1318 1310 1404 condemnavitque
1347 1348 1359 1383 :
1400 1329 1464 1383 ac
1493 1338 1618 1403 post
1658 1337 1912 1402 praeturae
1941 1325 2045 1380 ho-

307 1446 497 1483 norem
540 1427 687 1483 inter
734 1429 919 1505 Sejani
963 1430 1210 1484 conscios
1241 1439 1523 1505 arrethS,
1554 1439 1610 1487 et
1648 1427 1705 1481 in
1740 1425 2047 1482 custodiam

307 1526 466 1584 fratri
495 1527 683 1601 datus,
709 1527 926 1606 scalpro
950 1527 1178 1585 librario
1206 1548 1373 1596 venas
1409 1528 1512 1584 sibi
1547 1525 1743 1583 incidit
1769 1550 1783 1582 ε
1807 1546 1911 1583 nec
1936 1537 2047 1582 tam

312 1629 502 1684 mortis
525 1629 873 1706 poenitentia,
898 1650 1067 1707 quam
1111 1650 1341 1686 suorum
1378 1628 1773 1700 obtestatione,
1814 1625 2049 1705 obligari

311 1729 607 1806 curarique
648 1750 706 1786 se
739 1750 932 1807 passus
954 1774 969 1800 ‚
1007 1731 1065 1787 in
1111 1730 1303 1787 eadem
1340 1728 1591 1786 custodia
1634 1729 1830 1784 morbo
1860 1728 2045 1806 periit.

306 1829 515 1886 Lucius
543 1850 611 1886 ex
630 1828 923 1887 consulatu
954 1831 1125 1910 Syriae
1150 1832 1478 1909 praepositus
1494 1873 1509 1902 ,
1536 1830 1884 1887 Artabanum
1916 1831 2049 1884 Par-

278 1920 534 1986 ⁴thorum
590 1951 774 2009 regem
820 1933 1050 1988 summis
1097 1932 1337 2001 artibus,
1378 1952 1491 1987 non
1544 1930 1713 1987 modo
1759 1930 1829 1986 ad
1874 1928 2046 1986 collo—

310 2031 500 2107 quium
533 2052 724 2105 suum,
766 2032 861 2088 sed
894 2034 1060 2089 etiam
1106 2032 1175 2088 ad
1229 2030 1544 2089 veneranda
1574 2029 1857 2109 legionum
1893 2032 2050 2107 signa

309 2129 548 2208 pellexit.
579 2135 715 2189 Mox
744 2154 872 2189 cum
903 2133 1141 2191 Claudio
1166 2134 1446 2211 principe,
1477 2132 1616 2188 duos
1643 2133 1872 2209 insuper
1904 2131 2051 2187 ordi-

317 2234 500 2288 narios
545 2232 895 2305 consulatuS,
931 2254 1336 2311 censuramque
1369 2234 1552 2311 gessit.
1589 2218 1799 2290 Curam
1830 2252 2051 2309 quoque

310 2335 524 2412 imperii
565 2336 856 2403 sustinuit,
901 2336 1125 2392 absente
1169 2356 1267 2406 eo,
1305 2334 1652 2413 expeditione
1692 2334 2046 2391 britannica:

307 2435 392 2490 vir
419 2435 708 2508 innocenS,
754 2448 809 2491 et
838 2425 1170 2507 industrius,
1198 2435 1292 2492 sed
1335 2456 1521 2492 amore
1556 2434 1825 2491 libertinae
1856 2435 2045 2512 perin-

308 2534 500 2607 famis,
551 2538 707 2612 cujus
758 2537 926 2592 etiam
973 2535 1157 2592 salivis
1204 2534 1367 2591 melle
1414 2536 1751 2607 commixtiS,
1793 2556 1862 2591 ne
1907 2534 2048 2592 clam

308 2634 531 2711 quidem
580 2648 677 2691 aut
725 2656 879 2708 raro,
937 2627 1337 2714 sedquotidie
1371 2657 1434 2693 ac
1465 2634 1684 2715 palam,
1732 2637 1960 2693 arterias
1990 2649 2045 2692 et
2098 2697 2102 2700 .

310 2735 491 2792 fauces
521 2757 623 2812 pro
653 2735 896 2793 remedio
926 2737 1163 2795 fovebat.
1196 2738 1352 2795 Idem
1382 2739 1509 2794 miri
1556 2739 1613 2794 in
1649 2736 1928 2794 adulando
1957 2738 2044 2792 in-

311 2837 488 2914 genii,
529 2838 740 2915 primus
786 2840 848 2895 C.
880 2841 1151 2896 Caesarem
1198 2838 1430 2896 adorare
1466 2851 1529 2896 ut
1562 2838 1726 2896 deum
1762 2839 2046 2910 instituit3

312 2959 487 3014 quum
532 2940 785 2995 reversus
815 2960 883 2999 ,ex
915 2941 1073 3018 Syria
1113 2961 1227 2997 non
1271 2939 1432 2997 aliter
1465 2940 1618 2997 adire
1651 2960 1817 2996 ausus
1858 2949 2001 2995 esset
2028 2981 2043 3010 ,

311 3059 477 3115 quam
516 3040 696 3116 capite
741 3038 947 3111 velato,
988 3041 1531 3118 circumvertensque
1562 3062 1646 3113 se,
1682 3038 1882 3096 deinde
1914 3059 2042 3116 pro-

313 3138 593 3202 cumbens.
625 3139 921 3198 Claudium
941 3185 956 3213 ,
984 3142 1246 3198 uxoribus
1278 3140 1600 3218 libertisque
1632 3140 1944 3209 addictum,
1972 3160 2039 3195 ne

314 3261 422 3316 qua
458 3262 567 3297 non
599 3254 717 3299 arte
751 3242 1142 3312 demereretur,
1176 3263 1280 3320 pro
1306 3245 1547 3298 maximo
1580 3262 1808 3298 munere
1835 3262 1864 3297 a
1891 3243 2038 3297 Mes-
