2372 3918
811 250 1119 298 OCTAVIUS
1144 248 1478 294 AUGUSTUS.
1909 262 1927 292 ι
1937 263 1965 292 o
1976 264 1992 292 ι

291 356 557 411 rationem
586 353 836 411 medendi
864 352 1165 410 necessario
1189 352 1379 423 subiit,
1404 350 1533 427 quia
1559 349 1733 406 calida
1760 350 2002 407 fomenta

293 477 404 512 non
433 455 751 534 proderant,
786 452 995 530 frigidis
1025 453 1204 509 curari
1234 449 1490 523 coactuS,‘
1513 449 1735 507 auctore
1761 452 2004 509 Antonio

292 557 467 611 Musa.
500 552 782 629 Quasdam
815 564 870 609 et
902 552 1326 623 anniversarias,
1357 571 1420 606 ac
1453 563 1699 627 tempore
1735 563 1883 606 certo
1918 572 2004 607 re-

295 665 601 727 currentes,
621 652 1003 729 experiebatur
1024 673 1037 707 ε
1060 672 1187 707 nam
1208 651 1308 708 sub
1330 648 1566 706 natalem
1589 669 1749 706 suum
1769 648 2005 726 plerum·

294 774 399 829 que
437 751 752 830 languebat,
781 764 836 808 et
874 752 1033 808 initio
1075 752 1219 809 veris
1255 749 1684 828 praecordiorum
1725 748 2005 805 inflatione

295 853 606 909 tentabatur
623 894 640 925 ,
690 852 950 909 austrinis
995 864 1181 909 autem
1230 850 1644 928 tempestatibus
1693 848 2002 928 gravedine.

294 954 482 1026 Quare
524 963 780 1029 quassato
822 972 1052 1030 corpore
1071 995 1087 1025 ,
1126 972 1305 1028 neque
1343 951 1549 1030 frigora
1567 994 1582 1024 ,
1625 970 1803 1027 neque
1844 961 2006 1006 aestus

294 1052 447 1110 facile
478 1052 760 1110 tolerabat.

375 1154 651 1209 LXXXII.
695 1153 889 1210 Hieme
922 1155 1201 1231 quaternis
1235 1174 1360 1210 cum
1392 1154 1583 1231 pingui
1622 1163 1748 1230 toga
1779 1151 2007 1223 tunicis,

295 1264 348 1309 et
367 1251 634 1309 subucula
655 1265 708 1310 et
730 1254 954 1310 thorace
974 1253 1158 1327 lane0,
1182 1266 1235 1310 et
1259 1252 1630 1326 feminalibuS,
1652 1265 1706 1310 et
1728 1250 2007 1309 tibialibus

296 1353 645 1409 muniebatur
670 1375 682 1408 ε
712 1366 917 1426 aestate,
942 1355 1143 1432 apertis
1165 1352 1401 1410 cubiculi
1427 1353 1660 1425 foribuS,
1689 1373 1753 1409 ac
1783 1372 1923 1429 saepe
1949 1352 2006 1406 in

298 1451 575 1530 peristylio
610 1452 832 1510 saliente
867 1474 1037 1531 aqua,
1071 1467 1234 1532 atque
1265 1455 1429 1510 etiam
1459 1451 1760 1510 ventilante
1792 1451 2008 1528 aliquo,

299 1552 548 1608 cubabat.
593 1551 734 1609 Solis
772 1574 902 1610 vero
945 1575 1014 1610 ne
1053 1554 1268 1610 hiberni
1312 1553 1534 1630 quidem
1576 1554 1820 1631 patienS,
1861 1551 2010 1607 domi

297 1672 515 1728 quoque
535 1673 653 1713 onon
685 1652 788 1708 nisi
821 1665 1096 1730 petasatus
1130 1654 1228 1708 sub
1261 1652 1389 1707 divo
1419 1654 1773 1729 spatiabatur.
1804 1652 2010 1707 Itinera

298 1750 483 1807 lectica
499 1793 514 1823 ,
539 1762 592 1806 et
616 1752 866 1807 noctibus
890 1751 1031 1822 fere3
1056 1771 1227 1828 eaque
1251 1750 1402 1807 lenta
1424 1771 1487 1807 ac
1509 1751 1722 1807 minuta
1746 1730 1978 1806 faciebat
1993 1792 2009 1821 ,

297 1863 359 1906 ut
381 1854 648 1908 Praeneste
671 1850 755 1907 vel
779 1852 952 1908 Tibur
974 1851 1144 1908 biduo
1168 1846 1490 1929 vprocederet
1517 1872 1530 1906 :
1563 1871 1651 1923 ac,
1677 1851 1721 1906 si
1746 1870 1857 1926 quo
1881 1869 2007 1927 per-

297 1951 482 2007 venire
505 1952 641 2007 mari
667 1964 871 2028 posset,
901 1952 1084 2029 potius
1110 1951 1417 2029 navigabat.
1446 1952 1655 2007 Verum
1685 1960 1895 2005 tantam
1925 1949 2008 2003 in-

297 2049 608 2107 firmitatem
637 2072 837 2128 magna
865 2072 997 2107 cura
1026 2051 1312 2123 tuebatur,
1343 2051 1593 2128 inprimis
1623 2048 1841 2106 lavandi
1871 2049 2010 2104 rari-

299 2160 423 2206 tate.
458 2151 775 2228 Ungebatur
806 2152 954 2207 enim
988 2152 1209 2229 saepiuS,
1242 2163 1297 2208 et
1324 2150 1555 2207 sudabat
1582 2150 1651 2207 ad
1681 2150 1956 2206 flammam
1994 2170 2006 2204 :

300 2249 495 2306 deinde
519 2250 950 2328 perfundebatur
975 2250 1181 2329 egelida
1208 2272 1375 2329 aqua,
1403 2250 1489 2307 vel
1519 2250 1630 2308 sole
1659 2250 1835 2306 multo
1855 2236 2010 2306 ¹cale-

299 2348 457 2406 facta.
500 2352 602 2422 At,
640 2352 851 2427 quoties
891 2372 1185 2408 nervorum
1228 2372 1390 2408 causa
1427 2352 1652 2407 marinis
1689 2348 2010 2426 Albulisque

299 2447 485 2505 calidis
520 2450 786 2506 utendum
819 2463 993 2523 esset,
1026 2463 1317 2507 contentus
1349 2451 1455 2507 hoc
1489 2463 1638 2522 erat,
1671 2461 1734 2505 ut
1768 2448 2010 2505 insidens

301 2547 479 2625 ligneo
511 2549 672 2621 solio,
706 2550 854 2626 quod
886 2552 999 2628 ipse
1032 2552 1327 2628 Hispanico
1357 2550 1526 2607 verbo
1557 2550 1812 2607 duretam
1847 2567 2010 2604 voca·

302 2646 421 2719 bat,
447 2668 640 2704 manus
669 2669 731 2705 ac
759 2650 921 2726 pedes
953 2649 1178 2708 alternis
1201 2652 1451 2729 jactaret.

380 2748 684 2803 LXXXIII.
730 2749 1156 2806 Exercitationes
1188 2763 1519 2828 campestres
1543 2771 1810 2828 equorum
1841 2761 1897 2806 et
1925 2770 2011 2806 ar-

303 2866 517 2902 morum
539 2847 718 2903 statim
741 2859 864 2924 post
886 2846 1064 2904 civilia
1087 2846 1226 2905 bella
1246 2850 1452 2920 omisit,
1472 2863 1525 2907 et
1547 2850 1616 2907 ad
1637 2850 1806 2928 pilam
1829 2850 2009 2928 primo

304 2943 710 3023 folliculumque
734 2947 973 3019 transiit,
1003 2968 1129 3003 mox
1156 2946 1294 3004 nihil
1322 2947 1470 3005 aliud
1499 2971 1662 3026 quam
1690 2950 2009 3006 vectabatur

303 3058 360 3101 et
383 3044 788 3119 deambulabat,
813 3048 891 3104 ita
918 3060 979 3103 ut
1006 3049 1261 3104 extremis
1288 3049 1475 3125 spatiis
1499 3047 1790 3106 subsultim
1815 3048 2013 3104 decur-

303 3158 449 3203 reret
467 3190 483 3217 ,
528 3147 751 3224 segestri
799 3145 883 3203 vel
928 3145 1164 3204 lodicula
1210 3147 1506 3205 involutus.
1558 3148 1742 3204 Animi
1792 3146 2011 3203 laxandi

304 3267 460 3304 causa
498 3246 660 3302 modo
695 3247 1005 3324 piscabatur
1046 3249 1236 3320 hamo,
1280 3249 1441 3305 modo
1485 3248 1602 3305 talis
1640 3260 1734 3303 aut
1770 3245 2012 3304 ocellatis
