2372 3918
775 306 841 351 m
877 305 1016 351 oc‘r.
1052 302 1421 348 AUGUSTUM.
1878 300 1963 359 195

295 407 565 461 Δωδικοὶθιος.
590 406 633 451 A
656 402 911 450 duodecim
943 400 1032 448 diis
1054 398 1312 459 manr-ibus
1325 433 1341 456 ‚
1369 397 1455 460 qui
1476 398 1691 460 geniales
1721 398 1835 444 dicti
1859 408 1967 444 sunt

229 479 365 541 quod
395 496 502 527 cum
526 482 647 528 Jove
677 496 846 527 mensae
869 473 1166 525 accumbant.

303 559 549 604 Ornatam.
585 558 737 604 Intell.
774 555 943 603 habitu
972 554 1233 618 Apollinis,
1268 567 1367 616 quo
1405 560 1534 600 satus
1560 554 1802 615 Augustus
1835 550 1968 596 dice-

227 636 382 682 batur.
404 636 581 682 Noster
608 650 794 683 causam
816 633 962 681 refert
984 648 1087 694 cap.
1112 647 1242 678 xciv.

301 714 490 760 Mallia.
517 712 636 772 Quis
667 728 786 759 voce
825 710 903 758 illa
940 709 1233 775 significetur
1258 708 1493 757 incertum
1517 724 1529 754 t
1555 716 1665 755 sunt
1700 706 1785 769 qui
1813 722 1969 752 arcem

228 790 532 852 capitolinam
560 789 627 838 sic
649 788 885 853 designari
898 797 1092 851 putent3
1120 787 1255 851 quod
1279 786 1612 834 confirmatum
1637 784 1830 831 videtur
1850 798 1970 829 voce

227 877 353 913 toros
366 901 383 923 ,
418 867 448 914 i.
489 883 530 915 e.
568 866 835 935 pulvinaria
868 882 975 929 quae
1009 865 1199 928 Jupiter
1226 865 1436 912 habebat
1471 864 1523 911 in
1563 862 1814 926 Capitolio.
1849 862 1973 908 Cum

228 944 295 991 Cl.
321 947 453 993 Hase
474 961 575 992 non
611 944 835 991 feminam
866 944 951 991 sed
981 943 1179 992 domum
1213 943 1455 1007 intelligo,
1492 942 1543 988 in
1572 957 1670 1005 qua
1704 948 1853 987 coetus
1884 938 1970 985 iste

225 1022 415 1071 habitus
437 1032 521 1072 est.

297 1100 466 1148 Coenat
500 1100 755 1147 adulteria.
799 1100 925 1160 Quia
971 1116 1070 1147 non
1102 1109 1199 1147 tam
1236 1102 1299 1148 ad
1335 1102 1499 1163 epulas
1532 1114 1676 1160 quam
1715 1097 1777 1144 ad
1809 1106 1971 1158 stupra

229 1186 552 1226 convenerant
566 1195 579 1225 :
595 1178 662 1226 sic
685 1177 818 1241 apud
842 1178 1064 1239 Tertull„
1088 1181 1231 1240 Apol.
1250 1212 1266 1235 ,
1292 1194 1395 1240 cap.
1421 1192 1600 1235 xxxxx,
1625 1191 1813 1221 coenare
1833 1175 1973 1220 disci·

221 1256 423 1320 plinam.

294 1333 619 1383 Declinarunt.
643 1335 705 1384 H.
736 1351 777 1383 e.
804 1344 954 1383 terras
977 1334 1288 1398 reliquerunt.

300 1412 457 1460 Toros,
482 1415 558 1461 Sc.
586 1423 752 1462 aurata
771 1412 1066 1477 pulvinaria3
1097 1412 1209 1460 vide
1238 1412 1290 1458 in
1323 1427 1427 1459 voc.
1463 1411 1663 1458 Mallia.

299 1492 358 1536 In
374 1502 521 1554 parce
543 1493 682 1540 urbis.
707 1495 825 1552 Quae
845 1491 1038 1539 videtur
1059 1491 1205 1539 fuisse
1227 1490 1458 1538 Suburra.
1483 1491 1650 1548 Mart.,
1675 1503 1717 1534 u
1734 1523 1747 1546 ,
1779 1503 1830 1546 ¹7
1857 1504 1868 1532 :

408 1636 599 1680 Tonstrix
618 1637 804 1680 Suburroe
825 1636 1008 1680 faucibus
1028 1636 1141 1680 sedet
1160 1637 1319 1694 primis.

406 1708 583 1749 Cruenta
601 1707 777 1763 pendent
796 1721 876 1764 qua
894 1707 1049 1764 flagella
1068 1715 1279 1750 tortorum.

290 1845 516 1893 Perdidit.
544 1847 669 1894 Vide
690 1864 795 1910 sup.
808 1882 823 1907 ,
851 1864 949 1894 xvi.

298 1934 408 1981 Cn.
446 1936 627 1982 LXXI.
653 1938 960 1984 Instrumenta
989 1938 1132 1999 regio.
1171 1938 1231 1984 H.
1269 1953 1308 1984 e.
1343 1952 1510 1998 regum
1557 1937 1976 1983 alexandrinorum

227 2011 530 2072 supellectile.

296 2090 458 2136 Hoesit.
485 2090 596 2137 scil.
619 2091 722 2138 illas
742 2092 952 2140 refutare
976 2108 1076 2139 non
1105 2093 1280 2155 potuit.

299 2170 549 2215 Decembri
567 2186 741 2216 mense.
777 2173 920 2231 Quo,
951 2180 1055 2219 test.
1080 2174 1271 2233 Senec.,
1298 2175 1451 2236 Epist.
1478 2189 1636 2231 xvxix,
1655 2174 1741 2231 jus
1773 2175 1977 2219 luxuria·

227 2247 415 2308 publice
445 2246 610 2294 datum
639 2257 734 2308 est,
757 2250 1113 2313 praesertimque
1140 2251 1274 2298 ludo.
1300 2251 1528 2310 Martial.,
1555 2267 1633 2310 xv,
1663 2258 1716 2307 ¹4
1733 2286 1747 2308 ,
1772 2267 1798 2309 7
1826 2268 1837 2295 ε

465 2394 568 2434 Dum
589 2393 742 2435 blanda
755 2407 874 2450 vagus
894 2395 979 2437 alea
997 2395 1215 2439 december

462 2464 628 2506 Incertis
647 2472 762 2509 sonat
777 2464 874 2509 hinc
895 2474 937 2508 et
959 2467 1056 2509 hinc
1072 2466 1228 2509 fritillis.

296 2617 449 2662 Festi-s·
473 2617 790 2680 profestisque
810 2618 992 2665 diebus.
1024 2619 1227 2666 Docent.
1259 2619 1474 2665 Macrob.
1489 2653 1502 2677 ,
1545 2620 1643 2665 Sat.
1674 2636 1715 2676 1,
1757 2619 1981 2679 163sesti

229 2693 320 2741 diis
342 2693 487 2742 dicati
501 2704 662 2754 erant3
682 2696 890 2758 profesti
906 2695 1205 2756 hominibus,
1220 2697 1285 2743 ob
1309 2695 1733 2744 administrandam
1756 2713 1856 2744 rem
1879 2698 1979 2759 pri-

230 2779 389 2818 vatam
428 2771 771 2835 publicamque
803 2772 1028 2820 concessi.
1079 2774 1226 2820 Erant
1266 2789 1467 2837 quoque
1503 2774 1715 2821 intem-ai
1724 2810 1739 2832 ,
1776 2775 1976 2822 deorum

229 2844 575 2912 hominumque
608 2866 896 2897 communes.

299 2937 553 2993 Γιροντωιῶς.
584 2927 693 2977 Scil.
703 2927 980 2991 simpliciter
1004 2937 1055 2975 et
1088 2928 1425 2977 oblectamenti
1457 2945 1620 2988 causa,
1653 2947 1752 2978 non
1788 2931 1979 2992 cupidi-

230 3012 324 3051 tate
346 3004 481 3052 lucri.

304 3082 480 3128 Talis...
506 3082 726 3141 jactate}-
763 3110 830 3121 —
862 3084 1077 3145 Quatuor
1109 3086 1218 3132 talis
1248 3085 1477 3133 ludebant
1514 3096 1722 3142 veteres,
1763 3102 1885 3149 quos
1929 3087 1976 3132 in

230 3159 473 3206 vasculum
504 3159 773 3220 jactabant,
796 3162 1037 3211 turriculae
1060 3163 1264 3226 speciem
1286 3172 1655 3226 repraesentans,
1678 3163 1815 3227 quod
1837 3164 1977 3210 dixe-

231 3244 342 3282 runt
353 3236 598 3294 fn’tillum.
636 3239 733 3287 Illis
765 3249 977 3303 quatuor
1006 3251 1144 3290 erant
1171 3244 1319 3290 latera
1356 3242 1533 3306 quibus
1570 3242 1808 3304 inscriptoe
1843 3244 1974 3296 uneb,

231 3315 385 3369 senio,
420 3316 567 3362 ternio
574 3349 591 3372 ,
619 3320 882 3378 quaternio.

1681 3406 1766 3463 13.
