2372 3918
887 281 1330 328 vEsrAslANus.
1917 279 1978 335 49

319 395 505 449 XVII.
550 393 611 447 In
659 372 824 446 omne
872 387 1160 443 hominum
1194 405 1369 463 genus
1411 383 1860 454 liberalissimus,
1893 404 1987 440 ex·

250 492 419 572 plevit
448 511 672 550 censum
706 499 1025 546 senatorum
1060 508 1072 542 ε
1103 483 1424 542 consulares
1457 485 1651 563 inopes
1689 487 1984 564 quingenis

243 595 509 666 sestertiis
536 589 738 648 annuis
758 587 1085 646 sustentavit
1113 608 1125 642 :
1154 585 1420 664 plurimas
1451 606 1555 664 per
1584 597 1763 643 totum
1793 588 1983 644 orbem

241 697 524 767 civitates,
565 705 724 749 terrae
750 701 903 747 motu
940 699 1038 744 aut
1066 686 1324 744 incendio
1358 686 1620 756 afflictas,
1650 688 1893 744 restituit
1930 689 1985 743 in

237 795 450 853 melius.

321 898 530 953 XVIII.
565 894 792 973 Ingenia
834 904 890 949 et
926 904 1074 948 artes
1105 890 1192 948 vel
1230 893 1470 948 maxime
1498 890 1637 947 fovit
1667 912 1679 946 :
1717 891 1931 969 primus
1960 913 1990 948 e

239 996 373 1053 fisco
407 994 592 1052 latinis
627 995 930 1072 graecisque
956 993 1274 1050 rhetoribus
1302 1013 1490 1050 annua
1521 1004 1757 1049 centena
1789 994 1992 1049 consti-

236 1098 343 1154 tuit
370 1118 383 1152 :
419 1107 741 1174 praestantes
777 1107 1003 1174 poetas,
1038 1116 1141 1152 nec
1176 1116 1289 1152 non
1318 1106 1372 1150 et
1404 1093 1683 1166 artificeS,
1717 1097 1847 1151 Coae
1875 1098 1989 1151 Ve-

237 1197 418 1271 neriS,
443 1197 571 1253 item
598 1195 813 1254 Colossi
840 1196 1193 1268 refectorem,
1221 1196 1425 1274 insigni
1454 1196 1740 1274 congiario
1770 1216 1993 1274 magna-

236 1318 345 1375 que
379 1296 631 1383 mercede
665 1296 936 1354 donavit:
969 1298 1294 1354 mechanico
1321 1317 1581 1374 quoque,
1616 1295 1855 1375 grandes
1891 1318 1988 1353 co-

236 1398 453 1456 lumnas
495 1401 712 1479 exigua
770 1399 1022 1476 impensa
1072 1398 1479 1477 perducturum
1531 1397 1589 1454 in
1645 1397 1987 1476 Capitolium

237 1498 547 1578 pollicenti,
580 1501 870 1578 praemium
899 1521 1002 1578 pro
1026 1512 1344 1557 commento
1373 1521 1486 1556 non
1518 1498 1797 1556 mediocre
1827 1500 1994 1556 obtu-

237 1600 328 1675 lit3
361 1622 587 1680 operam
620 1602 857 1673 remisit,
885 1601 1171 1680 praefatus;
1207 1626 1234 1654 α
1258 1602 1510 1672 Sineret,
1547 1621 1604 1658 se
1638 1599 1987 1678 plebeculam

236 1723 478 1779 pascere.
505 1728 533 1756 »

319 1807 474 1861 XIX.
507 1804 680 1862 Ludis
698 1850 712 1873 ‚
741 1826 840 1883 per
867 1826 1007 1883 quos
1037 1826 1200 1862 scena
1231 1803 1580 1862 Marcelliani
1614 1805 1814 1861 theatri
1840 1807 1994 1861 resti-

239 1916 359 1962 tuta
385 1904 769 1979 dedicabatur,
799 1918 984 1964 vetera
1010 1927 1238 1984 quoque
1267 1918 1588 1963 acroamata
1613 1918 1989 1962 revocaverat.
2036 1959 2047 1987 =.

239 2005 548 2086 Apollinari
589 2007 839 2085 tragoedo
875 2007 1315 2087 quadringenta,
1360 2010 1587 2086 Terpno
1627 2006 1993 2084 Diodoroque
2040 1995 2047 2003 ⁸

239 2107 559 2166 citharoedis
578 2108 825 2182 ducena,
852 2108 1139 2168 nonnullis
1158 2120 1421 2181 centena,
1443 2109 1649 2186 quibus
1669 2109 1963 2165 minimum
1977 2152 1992 2182 ,

237 2208 596 2288 quadragena
627 2210 875 2267 sestertia
909 2231 1075 2289 super
1103 2209 1372 2288 plurimas
1403 2231 1637 2267 coronas
1668 2230 1868 2268 aureas
1897 2209 1993 2266 de-

237 2309 339 2366 dit.
375 2310 485 2368 Sed
512 2323 568 2367 et
589 2310 991 2368 convivabatur
1022 2311 1241 2368 assidue
1261 2355 1276 2383 ,
1308 2333 1374 2368 ac
1398 2313 1598 2390 saepius
1634 2325 1785 2369 recta
1817 2324 1872 2368 et
1900 2312 1994 2368 da·

238 2409 407 2489 psile,
430 2423 489 2468 ut
514 2410 855 2468 macellarios
881 2411 1189 2490 adjuvaret.
1219 2412 1404 2470 Dabat
1427 2413 1571 2469 sicut
1597 2411 1991 2470 Saturnalibus

238 2514 370 2570 viris
415 2514 756 2593 apophoreta
779 2559 794 2588 ,
836 2516 909 2572 ita
944 2537 1043 2593 per
1086 2514 1350 2572 kalendas
1382 2516 1605 2573 martias
1642 2516 1862 2574 feminis
1894 2538 1906 2572 :
1942 2530 1997 2572 et

240 2627 427 2673 tamen
458 2637 527 2673 ne
558 2618 636 2674 sic
659 2617 884 2695 quidem
912 2619 1161 2696 pristinae
1184 2617 1510 2697 cupiditatis
1537 2618 1767 2676 infamia
1795 2620 1993 2677 caruit.

239 2716 601 2774 Alexandrini
659 2718 1038 2798 Cybiosacten
1071 2740 1198 2776 eum
1232 2740 1433 2777 vocare
1463 2734 1996 2799 perseveraverunt,

239 2820 573 2897 cognomine
599 2819 766 2877 unius
797 2841 828 2877 e
852 2821 1077 2899 regibus
1099 2822 1214 2877 suis
1249 2822 1695 2899 turpissimarum
1724 2823 1997 2880 sordium.

244 2918 351 2975 Sed
369 2930 423 2975 et
444 2920 501 2975 in
523 2919 714 2978 funere
738 2924 781 2977 F
785 2942 921 2978 avor
949 2922 1312 2980 archimimus
1334 2943 1627 3000 personam
1644 2924 1763 3001 ejus
1786 2924 1966 2981 ferens
1982 2969 1998 2995 ,

246 3020 580 3097 imitansque
600 3065 615 3094 ,
649 3034 711 3078 ut
745 3034 827 3079 est
857 3043 1001 3095 mos,
1027 3021 1169 3079 facta
1188 3043 1252 3079 ac
1285 3022 1435 3079 dicta
1468 3024 1614 3097 vivi,
1643 3026 1999 3103 interrogatis

247 3119 428 3197 palam
464 3123 955 3198 procuratoribuS,
987 3124 1224 3201 «quanti
1257 3124 1426 3181 funus
1460 3137 1515 3181 et
1542 3146 1747 3204 pompa
1781 3140 2002 3183 consta·

245 3221 361 3278 ret?
378 3247 406 3275 »
435 3235 495 3279 ut
511 3223 712 3297 audiit,
737 3249 763 3277 α
780 3226 1035 3282 sestertio
1052 3227 1313 3297 centies‚»
1331 3226 1662 3284 exclamavit
1683 3250 1695 3284 :
1717 3230 1996 3286 «Centum

250 3323 353 3379 sibi
384 3327 637 3381 sestertia
671 3326 897 3398 darent,
927 3349 990 3384 ac
1013 3348 1069 3383 se
1098 3326 1180 3384 vel
1212 3330 1267 3384 in
1291 3329 1535 3385 Tiberim
1558 3329 1910 3407 projicerent.
1941 3358 1965 3384 »

488 3447 545 3482 11.
1715 3436 1747 3503 [1
