<?xml version="1.0" encoding="UTF-8"?>
<!DOCTYPE html PUBLIC "-//W3C//DTD XHTML 1.0 Transitional//EN"
    "http://www.w3.org/TR/xhtml1/DTD/xhtml1-transitional.dtd">
<html xmlns="http://www.w3.org/1999/xhtml" xml:lang="en" lang="en">
 <head>
  <title>
</title>
<meta http-equiv="Content-Type" content="text/html;charset=utf-8" />
  <meta name='ocr-system' content='tesseract 3.04.00' />
  <meta name='ocr-capabilities' content='ocr_page ocr_carea ocr_par ocr_line ocrx_word'/>
</head>
<body>
  <div class='ocr_page' id='page_1' title='image "./operasuet00suetuoft_0283.png"; bbox 0 0 2372 3918; ppageno 0'>
   <div class='ocr_carea' id='block_1_1' title="bbox 0 662 30 3918">
    <p class='ocr_par' dir='ltr' id='par_1_1' title="bbox 0 662 30 3918">
     <span class='ocr_line' id='line_1_1' title="bbox 0 662 30 3918; baseline 0 0"><span class='ocrx_word' id='word_1_1' title='bbox 0 662 30 3918; x_wconf 95' lang='lat' dir='ltr'> </span> 
     </span>
    </p>
   </div>
   <div class='ocr_carea' id='block_1_2' title="bbox 986 221 1916 272">
    <p class='ocr_par' dir='ltr' id='par_1_2' title="bbox 986 221 1916 272">
     <span class='ocr_line' id='line_1_2' title="bbox 986 221 1916 272; baseline 0.003 -3"><span class='ocrx_word' id='word_1_2' title='bbox 986 221 1166 269; x_wconf 75' lang='lat' dir='ltr'><strong>NERO.</strong></span> <span class='ocrx_word' id='word_1_3' title='bbox 1825 225 1916 272; x_wconf 76' lang='lat'>255</span> 
     </span>
    </p>
   </div>
   <div class='ocr_carea' id='block_1_3' title="bbox 214 324 1958 3283">
    <p class='ocr_par' dir='ltr' id='par_1_3' title="bbox 231 324 1918 502">
     <span class='ocr_line' id='line_1_3' title="bbox 231 324 1918 404; baseline 0.002 -21"><span class='ocrx_word' id='word_1_4' title='bbox 231 329 476 383; x_wconf 83' lang='lat' dir='ltr'>Locustae</span> <span class='ocrx_word' id='word_1_5' title='bbox 507 346 606 403; x_wconf 86' lang='lat' dir='ltr'>pro</span> <span class='ocrx_word' id='word_1_6' title='bbox 638 338 825 385; x_wconf 84' lang='lat' dir='ltr'>navata</span> <span class='ocrx_word' id='word_1_7' title='bbox 864 344 1028 403; x_wconf 88' lang='lat' dir='ltr'>opera</span> <span class='ocrx_word' id='word_1_8' title='bbox 1062 324 1437 401; x_wconf 85' lang='lat' dir='ltr'>impunitatem</span> <span class='ocrx_word' id='word_1_9' title='bbox 1470 326 1771 404; x_wconf 86' lang='lat' dir='ltr'>praediaque</span> <span class='ocrx_word' id='word_1_10' title='bbox 1806 351 1918 386; x_wconf 87' lang='lat' dir='ltr'>am·</span> 
     </span>
     <span class='ocr_line' id='line_1_4' title="bbox 231 423 1062 502; baseline -0.001 -22"><span class='ocrx_word' id='word_1_11' title='bbox 231 424 318 501; x_wconf 90' lang='lat' dir='ltr'>pla</span> <span class='ocrx_word' id='word_1_12' title='bbox 335 468 350 496; x_wconf 92' lang='lat'>,</span> <span class='ocrx_word' id='word_1_13' title='bbox 380 424 471 481; x_wconf 90' lang='lat' dir='ltr'>sed</span> <span class='ocrx_word' id='word_1_14' title='bbox 498 437 552 482; x_wconf 89' lang='lat' dir='ltr'>et</span> <span class='ocrx_word' id='word_1_15' title='bbox 581 423 868 502; x_wconf 88' lang='lat' dir='ltr'>discipulos</span> <span class='ocrx_word' id='word_1_16' title='bbox 897 423 1062 480; x_wconf 85' lang='lat' dir='ltr'><strong>dedit.</strong></span> 
     </span>
    </p>

    <p class='ocr_par' dir='ltr' id='par_1_4' title="bbox 214 522 1958 3283">
     <span class='ocr_line' id='line_1_5' title="bbox 312 522 1914 602; baseline 0.002 -21"><span class='ocrx_word' id='word_1_17' title='bbox 312 527 568 583; x_wconf 88' lang='lat' dir='ltr'><strong>XXXIV.</strong></span> <span class='ocrx_word' id='word_1_18' title='bbox 614 526 877 596; x_wconf 87' lang='lat' dir='ltr'>Matrem,</span> <span class='ocrx_word' id='word_1_19' title='bbox 922 522 1064 579; x_wconf 90' lang='lat' dir='ltr'>dicta</span> <span class='ocrx_word' id='word_1_20' title='bbox 1112 523 1360 600; x_wconf 90' lang='lat' dir='ltr'>factaque</span> <span class='ocrx_word' id='word_1_21' title='bbox 1408 544 1503 582; x_wconf 90' lang='lat' dir='ltr'>sua</span> <span class='ocrx_word' id='word_1_22' title='bbox 1548 528 1914 602; x_wconf 83' lang='lat' dir='ltr'>exquirentem</span> 
     </span>
     <span class='ocr_line' id='line_1_6' title="bbox 229 621 1918 702; baseline 0.002 -22"><span class='ocrx_word' id='word_1_23' title='bbox 229 623 472 680; x_wconf 82' lang='lat' dir='ltr'>acerbius</span> <span class='ocrx_word' id='word_1_24' title='bbox 497 635 550 680; x_wconf 92' lang='lat' dir='ltr'>et</span> <span class='ocrx_word' id='word_1_25' title='bbox 578 623 968 701; x_wconf 81' lang='lat' dir='ltr'>corrigentem,</span> <span class='ocrx_word' id='word_1_26' title='bbox 998 621 1257 679; x_wconf 91' lang='lat' dir='ltr'>hactenus</span> <span class='ocrx_word' id='word_1_27' title='bbox 1286 624 1464 701; x_wconf 89' lang='lat' dir='ltr'>primo</span> <span class='ocrx_word' id='word_1_28' title='bbox 1490 626 1834 702; x_wconf 88' lang='lat' dir='ltr'>gravabatur,</span> <span class='ocrx_word' id='word_1_29' title='bbox 1858 641 1918 684; x_wconf 89' lang='lat' dir='ltr'>ut</span> 
     </span>
     <span class='ocr_line' id='line_1_7' title="bbox 229 721 1916 801; baseline 0.002 -23"><span class='ocrx_word' id='word_1_30' title='bbox 229 722 429 779; x_wconf 88' lang='lat' dir='ltr'>invidia</span> <span class='ocrx_word' id='word_1_31' title='bbox 476 721 768 780; x_wconf 84' lang='lat' dir='ltr'>identidem</span> <span class='ocrx_word' id='word_1_32' title='bbox 811 734 1095 792; x_wconf 87' lang='lat' dir='ltr'>oneraret,</span> <span class='ocrx_word' id='word_1_33' title='bbox 1151 723 1303 799; x_wconf 92' lang='lat' dir='ltr'>quasi</span> <span class='ocrx_word' id='word_1_34' title='bbox 1357 743 1606 780; x_wconf 87' lang='lat' dir='ltr'>cessurus</span> <span class='ocrx_word' id='word_1_35' title='bbox 1659 725 1916 801; x_wconf 87' lang='lat' dir='ltr'>imperio,</span> 
     </span>
     <span class='ocr_line' id='line_1_8' title="bbox 226 820 1919 900; baseline 0.002 -23"><span class='ocrx_word' id='word_1_36' title='bbox 226 822 587 899; x_wconf 88' lang='lat' dir='ltr'>Rhodumque</span> <span class='ocrx_word' id='word_1_37' title='bbox 612 820 858 878; x_wconf 88' lang='lat' dir='ltr'>abiturus</span> <span class='ocrx_word' id='word_1_38' title='bbox 881 842 894 877; x_wconf 91' lang='lat'>:</span> <span class='ocrx_word' id='word_1_39' title='bbox 918 842 1043 877; x_wconf 88' lang='lat' dir='ltr'>mox</span> <span class='ocrx_word' id='word_1_40' title='bbox 1074 833 1126 878; x_wconf 87' lang='lat' dir='ltr'>et</span> <span class='ocrx_word' id='word_1_41' title='bbox 1156 821 1365 878; x_wconf 89' lang='lat' dir='ltr'>honore</span> <span class='ocrx_word' id='word_1_42' title='bbox 1394 822 1543 878; x_wconf 90' lang='lat' dir='ltr'>omni</span> <span class='ocrx_word' id='word_1_43' title='bbox 1572 835 1625 879; x_wconf 89' lang='lat' dir='ltr'>et</span> <span class='ocrx_word' id='word_1_44' title='bbox 1651 835 1919 900; x_wconf 82' lang='lat' dir='ltr'>potestate</span> 
     </span>
     <span class='ocr_line' id='line_1_9' title="bbox 226 919 1917 998; baseline 0.002 -20"><span class='ocrx_word' id='word_1_45' title='bbox 226 923 488 998; x_wconf 83' lang='lat' dir='ltr'>privavit3</span> <span class='ocrx_word' id='word_1_46' title='bbox 518 920 858 997; x_wconf 90' lang='lat' dir='ltr'>abductaque</span> <span class='ocrx_word' id='word_1_47' title='bbox 885 919 1119 978; x_wconf 89' lang='lat' dir='ltr'>militum</span> <span class='ocrx_word' id='word_1_48' title='bbox 1147 933 1199 977; x_wconf 89' lang='lat' dir='ltr'>et</span> <span class='ocrx_word' id='word_1_49' title='bbox 1231 923 1631 979; x_wconf 88' lang='lat' dir='ltr'>Germanorum</span> <span class='ocrx_word' id='word_1_50' title='bbox 1655 924 1917 991; x_wconf 87' lang='lat' dir='ltr'>statione,</span> 
     </span>
     <span class='ocr_line' id='line_1_10' title="bbox 224 1018 1917 1099; baseline 0.002 -23"><span class='ocrx_word' id='word_1_51' title='bbox 224 1020 578 1077; x_wconf 88' lang='lat' dir='ltr'>contubernio</span> <span class='ocrx_word' id='word_1_52' title='bbox 619 1040 837 1097; x_wconf 90' lang='lat' dir='ltr'>quoque</span> <span class='ocrx_word' id='word_1_53' title='bbox 881 1041 944 1077; x_wconf 90' lang='lat' dir='ltr'>ac</span> <span class='ocrx_word' id='word_1_54' title='bbox 990 1018 1192 1098; x_wconf 89' lang='lat' dir='ltr'>palatio</span> <span class='ocrx_word' id='word_1_55' title='bbox 1234 1019 1455 1098; x_wconf 87' lang='lat' dir='ltr'>expulit.</span> <span class='ocrx_word' id='word_1_56' title='bbox 1495 1022 1689 1099; x_wconf 89' lang='lat' dir='ltr'>Neque</span> <span class='ocrx_word' id='word_1_57' title='bbox 1733 1024 1789 1079; x_wconf 92' lang='lat' dir='ltr'>in</span> <span class='ocrx_word' id='word_1_58' title='bbox 1835 1023 1917 1079; x_wconf 93' lang='lat' dir='ltr'>di-</span> 
     </span>
     <span class='ocr_line' id='line_1_11' title="bbox 222 1118 1916 1198; baseline 0.004 -24"><span class='ocrx_word' id='word_1_59' title='bbox 222 1118 463 1176; x_wconf 87' lang='lat' dir='ltr'>vexanda</span> <span class='ocrx_word' id='word_1_60' title='bbox 479 1120 766 1196; x_wconf 86' lang='lat' dir='ltr'>quicquam</span> <span class='ocrx_word' id='word_1_61' title='bbox 787 1121 940 1197; x_wconf 90' lang='lat' dir='ltr'>pensi</span> <span class='ocrx_word' id='word_1_62' title='bbox 963 1120 1152 1176; x_wconf 89' lang='lat' dir='ltr'>habuit</span> <span class='ocrx_word' id='word_1_63' title='bbox 1168 1163 1182 1192; x_wconf 91' lang='lat'><strong><em>‚</em></strong></span> <span class='ocrx_word' id='word_1_64' title='bbox 1203 1122 1496 1178; x_wconf 89' lang='lat' dir='ltr'>summissis</span> <span class='ocrx_word' id='word_1_65' title='bbox 1510 1163 1525 1193; x_wconf 93' lang='lat'>,</span> <span class='ocrx_word' id='word_1_66' title='bbox 1543 1123 1636 1198; x_wconf 93' lang='lat' dir='ltr'>qui</span> <span class='ocrx_word' id='word_1_67' title='bbox 1653 1134 1708 1178; x_wconf 92' lang='lat' dir='ltr'>et</span> <span class='ocrx_word' id='word_1_68' title='bbox 1731 1126 1916 1180; x_wconf 79' lang='lat' dir='ltr'>Romae</span> 
     </span>
     <span class='ocr_line' id='line_1_12' title="bbox 222 1218 1919 1299; baseline 0.002 -24"><span class='ocrx_word' id='word_1_69' title='bbox 222 1231 523 1276; x_wconf 88' lang='lat' dir='ltr'>morantem</span> <span class='ocrx_word' id='word_1_70' title='bbox 556 1218 768 1291; x_wconf 80' lang='lat' dir='ltr'>litibus,</span> <span class='ocrx_word' id='word_1_71' title='bbox 798 1232 853 1276; x_wconf 90' lang='lat' dir='ltr'>et</span> <span class='ocrx_word' id='word_1_72' title='bbox 879 1221 934 1276; x_wconf 93' lang='lat' dir='ltr'>in</span> <span class='ocrx_word' id='word_1_73' title='bbox 966 1240 1174 1276; x_wconf 89' lang='lat' dir='ltr'>secessu</span> <span class='ocrx_word' id='word_1_74' title='bbox 1210 1221 1573 1296; x_wconf 87' lang='lat' dir='ltr'>quiescentem</span> <span class='ocrx_word' id='word_1_75' title='bbox 1603 1242 1700 1299; x_wconf 89' lang='lat' dir='ltr'>per</span> <span class='ocrx_word' id='word_1_76' title='bbox 1734 1224 1919 1279; x_wconf 88' lang='lat' dir='ltr'>convi-</span> 
     </span>
     <span class='ocr_line' id='line_1_13' title="bbox 221 1319 1913 1398; baseline 0.003 -24"><span class='ocrx_word' id='word_1_77' title='bbox 221 1319 303 1374; x_wconf 92' lang='lat' dir='ltr'>cia</span> <span class='ocrx_word' id='word_1_78' title='bbox 331 1330 387 1374; x_wconf 90' lang='lat' dir='ltr'>et</span> <span class='ocrx_word' id='word_1_79' title='bbox 408 1319 590 1394; x_wconf 80' lang='lat' dir='ltr'>jocOS,</span> <span class='ocrx_word' id='word_1_80' title='bbox 625 1331 764 1375; x_wconf 90' lang='lat' dir='ltr'>terra</span> <span class='ocrx_word' id='word_1_81' title='bbox 792 1320 1035 1396; x_wconf 89' lang='lat' dir='ltr'>marique</span> <span class='ocrx_word' id='word_1_82' title='bbox 1053 1320 1507 1397; x_wconf 83' lang='lat' dir='ltr'>praetervehentes</span> <span class='ocrx_word' id='word_1_83' title='bbox 1534 1322 1913 1398; x_wconf 88' lang='lat' dir='ltr'>inquietarent.</span> 
     </span>
     <span class='ocr_line' id='line_1_14' title="bbox 221 1417 1913 1497; baseline 0.001 -23"><span class='ocrx_word' id='word_1_84' title='bbox 221 1419 427 1475; x_wconf 88' lang='lat' dir='ltr'>Verum</span> <span class='ocrx_word' id='word_1_85' title='bbox 457 1419 617 1475; x_wconf 91' lang='lat' dir='ltr'>minis</span> <span class='ocrx_word' id='word_1_86' title='bbox 646 1419 761 1495; x_wconf 88' lang='lat' dir='ltr'>ejus</span> <span class='ocrx_word' id='word_1_87' title='bbox 790 1439 852 1475; x_wconf 89' lang='lat' dir='ltr'>ac</span> <span class='ocrx_word' id='word_1_88' title='bbox 882 1417 1136 1476; x_wconf 90' lang='lat' dir='ltr'>violentia</span> <span class='ocrx_word' id='word_1_89' title='bbox 1165 1420 1384 1476; x_wconf 90' lang='lat' dir='ltr'>territus</span> <span class='ocrx_word' id='word_1_90' title='bbox 1401 1463 1416 1489; x_wconf 92' lang='lat'><strong>‚</strong></span> <span class='ocrx_word' id='word_1_91' title='bbox 1460 1420 1685 1497; x_wconf 85' lang='lat' dir='ltr'>perdere</span> <span class='ocrx_word' id='word_1_92' title='bbox 1712 1422 1913 1478; x_wconf 90' lang='lat' dir='ltr'>statuit.</span> 
     </span>
     <span class='ocr_line' id='line_1_15' title="bbox 221 1520 1916 1596; baseline 0.002 -22"><span class='ocrx_word' id='word_1_93' title='bbox 221 1521 290 1574; x_wconf 92' lang='lat' dir='ltr'>Et</span> <span class='ocrx_word' id='word_1_94' title='bbox 333 1538 502 1595; x_wconf 91' lang='lat' dir='ltr'>quum</span> <span class='ocrx_word' id='word_1_95' title='bbox 546 1529 630 1574; x_wconf 86' lang='lat' dir='ltr'>ter</span> <span class='ocrx_word' id='word_1_96' title='bbox 670 1538 877 1574; x_wconf 90' lang='lat' dir='ltr'>veneno</span> <span class='ocrx_word' id='word_1_97' title='bbox 922 1530 1206 1590; x_wconf 86' lang='lat' dir='ltr'>tentasset,</span> <span class='ocrx_word' id='word_1_98' title='bbox 1261 1520 1590 1596; x_wconf 90' lang='lat' dir='ltr'>sentiretque</span> <span class='ocrx_word' id='word_1_99' title='bbox 1657 1520 1916 1577; x_wconf 89' lang='lat' dir='ltr'>antidotis</span> 
     </span>
     <span class='ocr_line' id='line_1_16' title="bbox 221 1616 1915 1695; baseline 0.002 -22"><span class='ocrx_word' id='word_1_100' title='bbox 221 1617 629 1693; x_wconf 81' lang='lat' dir='ltr'>praemunitam3</span> <span class='ocrx_word' id='word_1_101' title='bbox 663 1616 969 1687; x_wconf 88' lang='lat' dir='ltr'>lacunaria,</span> <span class='ocrx_word' id='word_1_102' title='bbox 1004 1638 1123 1694; x_wconf 87' lang='lat' dir='ltr'>quae</span> <span class='ocrx_word' id='word_1_103' title='bbox 1165 1629 1330 1674; x_wconf 89' lang='lat' dir='ltr'>noctu</span> <span class='ocrx_word' id='word_1_104' title='bbox 1369 1639 1529 1695; x_wconf 88' lang='lat' dir='ltr'>super</span> <span class='ocrx_word' id='word_1_105' title='bbox 1561 1619 1915 1676; x_wconf 88' lang='lat' dir='ltr'>dormientem</span> 
     </span>
     <span class='ocr_line' id='line_1_17' title="bbox 220 1714 1918 1796; baseline 0.003 -26"><span class='ocrx_word' id='word_1_106' title='bbox 220 1714 395 1772; x_wconf 88' lang='lat' dir='ltr'>laxata</span> <span class='ocrx_word' id='word_1_107' title='bbox 432 1715 680 1772; x_wconf 91' lang='lat' dir='ltr'>machina</span> <span class='ocrx_word' id='word_1_108' title='bbox 721 1715 1061 1787; x_wconf 88' lang='lat' dir='ltr'>deciderent,</span> <span class='ocrx_word' id='word_1_109' title='bbox 1112 1718 1339 1793; x_wconf 86' lang='lat' dir='ltr'>paravit.</span> <span class='ocrx_word' id='word_1_110' title='bbox 1376 1720 1495 1773; x_wconf 92' lang='lat' dir='ltr'>Hoc</span> <span class='ocrx_word' id='word_1_111' title='bbox 1539 1718 1766 1774; x_wconf 91' lang='lat' dir='ltr'>consilio</span> <span class='ocrx_word' id='word_1_112' title='bbox 1818 1740 1918 1796; x_wconf 87' lang='lat' dir='ltr'>per</span> 
     </span>
     <span class='ocr_line' id='line_1_18' title="bbox 221 1797 1918 1893; baseline 0.004 -23"><span class='ocrx_word' id='word_1_113' title='bbox 221 1797 462 1872; x_wconf 85' lang='lat' dir='ltr'>conscios</span> <span class='ocrx_word' id='word_1_114' title='bbox 490 1801 682 1891; x_wconf 85' lang='lat' dir='ltr'>parum</span> <span class='ocrx_word' id='word_1_115' title='bbox 711 1813 885 1872; x_wconf 90' lang='lat' dir='ltr'>celato</span> <span class='ocrx_word' id='word_1_116' title='bbox 904 1858 919 1887; x_wconf 93' lang='lat'>,</span> <span class='ocrx_word' id='word_1_117' title='bbox 950 1814 1221 1872; x_wconf 90' lang='lat' dir='ltr'>solutilem</span> <span class='ocrx_word' id='word_1_118' title='bbox 1243 1836 1435 1872; x_wconf 89' lang='lat' dir='ltr'>navem</span> <span class='ocrx_word' id='word_1_119' title='bbox 1452 1859 1468 1886; x_wconf 90' lang='lat'>‚</span> <span class='ocrx_word' id='word_1_120' title='bbox 1496 1818 1650 1893; x_wconf 91' lang='lat' dir='ltr'>cujus</span> <span class='ocrx_word' id='word_1_121' title='bbox 1679 1818 1765 1874; x_wconf 88' lang='lat' dir='ltr'>vel</span> <span class='ocrx_word' id='word_1_122' title='bbox 1793 1840 1918 1876; x_wconf 90' lang='lat' dir='ltr'>nau-</span> 
     </span>
     <span class='ocr_line' id='line_1_19' title="bbox 215 1912 1917 1996; baseline 0.002 -25"><span class='ocrx_word' id='word_1_123' title='bbox 215 1915 387 1991; x_wconf 88' lang='lat' dir='ltr'>fragio</span> <span class='ocrx_word' id='word_1_124' title='bbox 420 1912 503 1970; x_wconf 89' lang='lat' dir='ltr'>vel</span> <span class='ocrx_word' id='word_1_125' title='bbox 536 1934 761 1970; x_wconf 86' lang='lat' dir='ltr'>camerae</span> <span class='ocrx_word' id='word_1_126' title='bbox 793 1916 951 1970; x_wconf 90' lang='lat' dir='ltr'>ruina</span> <span class='ocrx_word' id='word_1_127' title='bbox 979 1915 1208 1992; x_wconf 88' lang='lat' dir='ltr'>periret,</span> <span class='ocrx_word' id='word_1_128' title='bbox 1237 1928 1574 1972; x_wconf 90' lang='lat' dir='ltr'>commentus</span> <span class='ocrx_word' id='word_1_129' title='bbox 1604 1930 1702 1973; x_wconf 88' lang='lat' dir='ltr'>est.</span> <span class='ocrx_word' id='word_1_130' title='bbox 1739 1922 1917 1996; x_wconf 90' lang='lat' dir='ltr'>Atque</span> 
     </span>
     <span class='ocr_line' id='line_1_20' title="bbox 215 2011 1916 2091; baseline 0.004 -22"><span class='ocrx_word' id='word_1_131' title='bbox 215 2015 291 2070; x_wconf 90' lang='lat' dir='ltr'>ita</span> <span class='ocrx_word' id='word_1_132' title='bbox 321 2011 760 2070; x_wconf 86' lang='lat' dir='ltr'>reconciliatione</span> <span class='ocrx_word' id='word_1_133' title='bbox 789 2013 1035 2071; x_wconf 88' lang='lat' dir='ltr'>simulata</span> <span class='ocrx_word' id='word_1_134' title='bbox 1053 2058 1069 2085; x_wconf 91' lang='lat'>,</span> <span class='ocrx_word' id='word_1_135' title='bbox 1102 2014 1509 2091; x_wconf 89' lang='lat' dir='ltr'>jucundissimis</span> <span class='ocrx_word' id='word_1_136' title='bbox 1540 2014 1732 2076; x_wconf 85' lang='lat' dir='ltr'>litteris</span> <span class='ocrx_word' id='word_1_137' title='bbox 1761 2020 1916 2075; x_wconf 90' lang='lat' dir='ltr'>Baias</span> 
     </span>
     <span class='ocr_line' id='line_1_21' title="bbox 214 2112 1915 2190; baseline 0.003 -22"><span class='ocrx_word' id='word_1_138' title='bbox 214 2114 459 2169; x_wconf 90' lang='lat' dir='ltr'>evocavit</span> <span class='ocrx_word' id='word_1_139' title='bbox 481 2113 550 2169; x_wconf 92' lang='lat' dir='ltr'>ad</span> <span class='ocrx_word' id='word_1_140' title='bbox 578 2112 857 2170; x_wconf 87' lang='lat' dir='ltr'>sollemnia</span> <span class='ocrx_word' id='word_1_141' title='bbox 888 2115 1338 2190; x_wconf 87' lang='lat' dir='ltr'>Quinquatruum</span> <span class='ocrx_word' id='word_1_142' title='bbox 1371 2114 1530 2171; x_wconf 89' lang='lat' dir='ltr'>simul</span> <span class='ocrx_word' id='word_1_143' title='bbox 1556 2115 1915 2186; x_wconf 88' lang='lat' dir='ltr'>celebranda;</span> 
     </span>
     <span class='ocr_line' id='line_1_22' title="bbox 214 2211 1958 2291; baseline 0.003 -22"><span class='ocrx_word' id='word_1_144' title='bbox 214 2213 447 2290; x_wconf 91' lang='lat' dir='ltr'>datoque</span> <span class='ocrx_word' id='word_1_145' title='bbox 465 2214 685 2289; x_wconf 90' lang='lat' dir='ltr'>negotio</span> <span class='ocrx_word' id='word_1_146' title='bbox 705 2213 1036 2282; x_wconf 79' lang='lat' dir='ltr'>trierarchiS‚</span> <span class='ocrx_word' id='word_1_147' title='bbox 1053 2214 1147 2290; x_wconf 92' lang='lat' dir='ltr'>qui</span> <span class='ocrx_word' id='word_1_148' title='bbox 1175 2211 1528 2284; x_wconf 90' lang='lat' dir='ltr'>liburnicam,</span> <span class='ocrx_word' id='word_1_149' title='bbox 1562 2235 1668 2291; x_wconf 92' lang='lat' dir='ltr'>qua</span> <span class='ocrx_word' id='word_1_150' title='bbox 1687 2216 1915 2274; x_wconf 88' lang='lat' dir='ltr'>advecta</span> <span class='ocrx_word' id='word_1_151' title='bbox 1955 2225 1958 2228; x_wconf 51' lang='lat'><strong>⁴</strong></span> 
     </span>
     <span class='ocr_line' id='line_1_23' title="bbox 215 2310 1917 2391; baseline 0.003 -23"><span class='ocrx_word' id='word_1_152' title='bbox 215 2324 364 2380; x_wconf 85' lang='lat' dir='ltr'>erat,</span> <span class='ocrx_word' id='word_1_153' title='bbox 418 2310 565 2367; x_wconf 84' lang='lat' dir='ltr'>velut</span> <span class='ocrx_word' id='word_1_154' title='bbox 601 2312 824 2367; x_wconf 87' lang='lat' dir='ltr'>fortuito</span> <span class='ocrx_word' id='word_1_155' title='bbox 860 2332 1127 2368; x_wconf 93' lang='lat' dir='ltr'>concursu</span> <span class='ocrx_word' id='word_1_156' title='bbox 1169 2312 1609 2388; x_wconf 85' lang='lat' dir='ltr'>confringerent,</span> <span class='ocrx_word' id='word_1_157' title='bbox 1651 2318 1917 2391; x_wconf 83' lang='lat' dir='ltr'>protraxit</span> 
     </span>
     <span class='ocr_line' id='line_1_24' title="bbox 214 2410 1915 2491; baseline 0.002 -23"><span class='ocrx_word' id='word_1_158' title='bbox 214 2412 543 2468; x_wconf 73' lang='lat' dir='ltr'>convivium.</span> <span class='ocrx_word' id='word_1_159' title='bbox 562 2411 960 2488; x_wconf 87' lang='lat' dir='ltr'>Repetentique</span> <span class='ocrx_word' id='word_1_160' title='bbox 987 2410 1209 2483; x_wconf 87' lang='lat' dir='ltr'>Baulos,</span> <span class='ocrx_word' id='word_1_161' title='bbox 1238 2412 1293 2467; x_wconf 92' lang='lat' dir='ltr'>in</span> <span class='ocrx_word' id='word_1_162' title='bbox 1338 2410 1516 2468; x_wconf 89' lang='lat' dir='ltr'>locum</span> <span class='ocrx_word' id='word_1_163' title='bbox 1547 2418 1789 2491; x_wconf 90' lang='lat' dir='ltr'>corrupti</span> <span class='ocrx_word' id='word_1_164' title='bbox 1818 2437 1915 2471; x_wconf 89' lang='lat' dir='ltr'>na-</span> 
     </span>
     <span class='ocr_line' id='line_1_25' title="bbox 214 2508 1917 2588; baseline 0.002 -21"><span class='ocrx_word' id='word_1_165' title='bbox 214 2511 342 2588; x_wconf 86' lang='lat' dir='ltr'>vigii</span> <span class='ocrx_word' id='word_1_166' title='bbox 363 2553 378 2580; x_wconf 92' lang='lat'>‚</span> <span class='ocrx_word' id='word_1_167' title='bbox 410 2511 782 2568; x_wconf 89' lang='lat' dir='ltr'>machinosum</span> <span class='ocrx_word' id='word_1_168' title='bbox 814 2508 949 2566; x_wconf 92' lang='lat' dir='ltr'>illud</span> <span class='ocrx_word' id='word_1_169' title='bbox 984 2508 1216 2580; x_wconf 91' lang='lat' dir='ltr'>obtulit,</span> <span class='ocrx_word' id='word_1_170' title='bbox 1248 2510 1420 2567; x_wconf 84' lang='lat' dir='ltr'>hilare</span> <span class='ocrx_word' id='word_1_171' title='bbox 1447 2525 1763 2588; x_wconf 85' lang='lat' dir='ltr'>prosecutus</span> <span class='ocrx_word' id='word_1_172' title='bbox 1793 2535 1805 2570; x_wconf 89' lang='lat'>:</span> <span class='ocrx_word' id='word_1_173' title='bbox 1838 2528 1917 2570; x_wconf 91' lang='lat' dir='ltr'>at-</span> 
     </span>
     <span class='ocr_line' id='line_1_26' title="bbox 216 2606 1914 2688; baseline 0.002 -22"><span class='ocrx_word' id='word_1_174' title='bbox 216 2630 321 2686; x_wconf 89' lang='lat' dir='ltr'>que</span> <span class='ocrx_word' id='word_1_175' title='bbox 354 2610 410 2664; x_wconf 91' lang='lat' dir='ltr'>in</span> <span class='ocrx_word' id='word_1_176' title='bbox 449 2608 690 2687; x_wconf 87' lang='lat' dir='ltr'>digressu</span> <span class='ocrx_word' id='word_1_177' title='bbox 722 2607 948 2687; x_wconf 90' lang='lat' dir='ltr'>papillas</span> <span class='ocrx_word' id='word_1_178' title='bbox 983 2629 1201 2685; x_wconf 90' lang='lat' dir='ltr'>quoque</span> <span class='ocrx_word' id='word_1_179' title='bbox 1241 2606 1608 2682; x_wconf 69' lang='lat' dir='ltr'>exoscula&#39;tuS,</span> <span class='ocrx_word' id='word_1_180' title='bbox 1646 2611 1914 2688; x_wconf 89' lang='lat' dir='ltr'>reliquum</span> 
     </span>
     <span class='ocr_line' id='line_1_27' title="bbox 217 2706 1914 2793; baseline 0.002 -28"><span class='ocrx_word' id='word_1_181' title='bbox 217 2709 472 2785; x_wconf 89' lang='lat' dir='ltr'>temporis</span> <span class='ocrx_word' id='word_1_182' title='bbox 506 2728 637 2793; x_wconf 30' lang='lat' dir='ltr'>‘cum</span> <span class='ocrx_word' id='word_1_183' title='bbox 676 2727 874 2785; x_wconf 85' lang='lat' dir='ltr'>magna</span> <span class='ocrx_word' id='word_1_184' title='bbox 909 2706 1270 2784; x_wconf 88' lang='lat' dir='ltr'>trepidatione</span> <span class='ocrx_word' id='word_1_185' title='bbox 1306 2707 1583 2785; x_wconf 88' lang='lat' dir='ltr'>vigilavit,</span> <span class='ocrx_word' id='word_1_186' title='bbox 1613 2723 1914 2789; x_wconf 86' lang='lat' dir='ltr'>coeptorum</span> 
     </span>
     <span class='ocr_line' id='line_1_28' title="bbox 216 2804 1916 2887; baseline 0.003 -24"><span class='ocrx_word' id='word_1_187' title='bbox 216 2808 504 2884; x_wconf 89' lang='lat' dir='ltr'>opperiens</span> <span class='ocrx_word' id='word_1_188' title='bbox 532 2807 752 2863; x_wconf 88' lang='lat' dir='ltr'>exitum.</span> <span class='ocrx_word' id='word_1_189' title='bbox 782 2806 887 2863; x_wconf 90' lang='lat' dir='ltr'>Sed</span> <span class='ocrx_word' id='word_1_190' title='bbox 919 2818 980 2861; x_wconf 89' lang='lat' dir='ltr'>ut</span> <span class='ocrx_word' id='word_1_191' title='bbox 1001 2804 1212 2862; x_wconf 90' lang='lat' dir='ltr'>diversa</span> <span class='ocrx_word' id='word_1_192' title='bbox 1239 2807 1421 2862; x_wconf 91' lang='lat' dir='ltr'>omnia</span> <span class='ocrx_word' id='word_1_193' title='bbox 1439 2850 1453 2878; x_wconf 94' lang='lat'>,</span> <span class='ocrx_word' id='word_1_194' title='bbox 1484 2808 1772 2887; x_wconf 86' lang='lat' dir='ltr'>nandoque</span> <span class='ocrx_word' id='word_1_195' title='bbox 1794 2832 1916 2868; x_wconf 89' lang='lat' dir='ltr'>eva-</span> 
     </span>
     <span class='ocr_line' id='line_1_29' title="bbox 216 2904 1916 2984; baseline 0.002 -21"><span class='ocrx_word' id='word_1_196' title='bbox 216 2909 344 2963; x_wconf 91' lang='lat' dir='ltr'>sisse</span> <span class='ocrx_word' id='word_1_197' title='bbox 372 2926 520 2978; x_wconf 90' lang='lat' dir='ltr'>eam,</span> <span class='ocrx_word' id='word_1_198' title='bbox 549 2906 845 2984; x_wconf 87' lang='lat' dir='ltr'>comperit,</span> <span class='ocrx_word' id='word_1_199' title='bbox 879 2907 1035 2983; x_wconf 92' lang='lat' dir='ltr'>inops</span> <span class='ocrx_word' id='word_1_200' title='bbox 1064 2904 1309 2976; x_wconf 88' lang='lat' dir='ltr'>consilii,</span> <span class='ocrx_word' id='word_1_201' title='bbox 1340 2908 1401 2963; x_wconf 92' lang='lat' dir='ltr'>L.</span> <span class='ocrx_word' id='word_1_202' title='bbox 1429 2909 1728 2984; x_wconf 83' lang='lat' dir='ltr'>Agerinum</span> <span class='ocrx_word' id='word_1_203' title='bbox 1755 2909 1916 2967; x_wconf 91' lang='lat' dir='ltr'>liber-</span> 
     </span>
     <span class='ocr_line' id='line_1_30' title="bbox 217 3003 1913 3083; baseline 0.001 -21"><span class='ocrx_word' id='word_1_204' title='bbox 217 3019 332 3063; x_wconf 91' lang='lat' dir='ltr'>tum</span> <span class='ocrx_word' id='word_1_205' title='bbox 356 3006 496 3083; x_wconf 90' lang='lat' dir='ltr'>ejus,</span> <span class='ocrx_word' id='word_1_206' title='bbox 519 3004 718 3062; x_wconf 91' lang='lat' dir='ltr'>salvam</span> <span class='ocrx_word' id='word_1_207' title='bbox 739 3017 792 3062; x_wconf 89' lang='lat' dir='ltr'>et</span> <span class='ocrx_word' id='word_1_208' title='bbox 810 3004 1137 3062; x_wconf 90' lang='lat' dir='ltr'>incolumem</span> <span class='ocrx_word' id='word_1_209' title='bbox 1161 3026 1285 3064; x_wconf 88' lang='lat' dir='ltr'>cum</span> <span class='ocrx_word' id='word_1_210' title='bbox 1313 3003 1511 3083; x_wconf 86' lang='lat' dir='ltr'>gaudio</span> <span class='ocrx_word' id='word_1_211' title='bbox 1540 3008 1883 3063; x_wconf 87' lang='lat' dir='ltr'>nunciantem</span> <span class='ocrx_word' id='word_1_212' title='bbox 1898 3051 1913 3076; x_wconf 92' lang='lat'><strong>‚</strong></span> 
     </span>
     <span class='ocr_line' id='line_1_31' title="bbox 217 3105 1915 3183; baseline 0.001 -21"><span class='ocrx_word' id='word_1_213' title='bbox 217 3106 423 3182; x_wconf 87' lang='lat' dir='ltr'>abjecto</span> <span class='ocrx_word' id='word_1_214' title='bbox 458 3105 596 3162; x_wconf 88' lang='lat' dir='ltr'>clam</span> <span class='ocrx_word' id='word_1_215' title='bbox 626 3106 782 3182; x_wconf 86' lang='lat' dir='ltr'>juxta</span> <span class='ocrx_word' id='word_1_216' title='bbox 814 3107 1081 3183; x_wconf 86' lang='lat' dir='ltr'>pugione,</span> <span class='ocrx_word' id='word_1_217' title='bbox 1105 3118 1164 3162; x_wconf 90' lang='lat' dir='ltr'>ut</span> <span class='ocrx_word' id='word_1_218' title='bbox 1195 3125 1562 3183; x_wconf 87' lang='lat' dir='ltr'>percussorem</span> <span class='ocrx_word' id='word_1_219' title='bbox 1599 3106 1697 3162; x_wconf 91' lang='lat' dir='ltr'>sibi</span> <span class='ocrx_word' id='word_1_220' title='bbox 1732 3106 1915 3163; x_wconf 86' lang='lat' dir='ltr'>subor-</span> 
     </span>
     <span class='ocr_line' id='line_1_32' title="bbox 219 3206 1914 3283; baseline 0.002 -24"><span class='ocrx_word' id='word_1_221' title='bbox 219 3217 404 3262; x_wconf 84' lang='lat' dir='ltr'>natum</span> <span class='ocrx_word' id='word_1_222' title='bbox 449 3206 615 3282; x_wconf 88' lang='lat' dir='ltr'>arripi</span> <span class='ocrx_word' id='word_1_223' title='bbox 658 3206 1062 3283; x_wconf 84' lang='lat' dir='ltr'>constringique</span> <span class='ocrx_word' id='word_1_224' title='bbox 1097 3206 1286 3283; x_wconf 89' lang='lat' dir='ltr'>jussit,</span> <span class='ocrx_word' id='word_1_225' title='bbox 1330 3216 1664 3281; x_wconf 82' lang='lat' dir='ltr'>matremque</span> <span class='ocrx_word' id='word_1_226' title='bbox 1708 3206 1914 3279; x_wconf 88' lang='lat' dir='ltr'>occidi;</span> 
     </span>
    </p>
   </div>
  </div>
 </body>
</html>
