2372 3918
303 251 317 279 ι
331 241 389 287 40
887 225 892 227 ’
970 238 1017 280 e.
1057 238 1344 283 sUETONn

298 347 559 412 perpetua
593 337 808 394 vincula
859 340 1108 416 conjecit.
1158 341 1411 397 Abolevit
1455 353 1508 396 et
1548 342 1655 396 vim
1694 357 2009 417 moremque

297 435 595 511 asylorum,
625 457 742 513 quae
778 458 1007 514 usquam
1035 452 1207 495 erant.
1241 441 1549 517 CyziceniS,
1586 442 1639 495 in
1667 441 1812 496 cives
1838 458 2012 495 roma-

297 556 397 591 nos
422 535 711 593 violentius
734 537 979 614 quaedam
1008 541 1178 612 ausiS,
1206 540 1424 617 publice
1452 540 1762 597 libertatem
1784 540 2011 609 ademit,

298 657 462 713 quam
508 638 884 694 Mithridatico
936 637 1081 695 bello
1133 654 1462 697 meruerant.
1517 640 1752 697 Hostiles
1807 651 2013 710 motuS,

299 726 447 793 nulla
492 750 681 815 postea
725 737 1072 816 expeditione
1117 753 1388 818 suscepta,
1423 763 1524 819 per
1557 742 1763 819 legatos
1793 757 2013 817 compe-

299 838 438 893 scuit
462 858 474 892 :
499 858 599 893 nec
623 857 722 914 per
742 858 834 894 eos
858 838 1106 915 quidem,
1135 841 1237 896 nisi
1264 854 1586 898 cunctanter
1609 855 1664 898 et
1688 841 2008 897 necessario.

300 941 478 1014 Reges
512 937 735 994 infestos
773 952 1159 1016 suspectosque
1197 942 1713 998 comminationibus
1757 942 1929 1019 magis
1963 952 2016 995 et

301 1037 563 1113 quereliS,
598 1059 762 1115 quam
798 1041 876 1110 vi,
914 1042 1187 1117 repressit.
1233 1041 1540 1114 Quosdam,
1586 1063 1684 1120 per
1724 1041 2016 1097 blanditias

301 1150 466 1214 atque
502 1139 768 1215 promissa
802 1152 1070 1196 extractos
1102 1140 1172 1196 ad
1204 1162 1286 1210 se,
1323 1162 1437 1197 non
1468 1143 1678 1197 remisit
1704 1163 1716 1197 :
1749 1154 1810 1197 ut
1834 1144 2021 1198 Maro-

297 1238 545 1297 boduum
570 1241 937 1312 Germanum,
963 1239 1354 1317 Rhascupolim
1370 1243 1667 1311 Thracem,
1691 1240 2020 1297 Archelaum

304 1339 716 1416 Cappadocem,
750 1342 905 1417 cujus
933 1342 1096 1397 etiam
1120 1363 1351 1419 regnum
1383 1343 1438 1396 in
1471 1341 1697 1398 formam
1730 1342 2023 1419 provinciae

306 1439 531 1516 redegit.

388 1543 703 1599 XXXVIII.
733 1528 963 1598 Biennio
985 1544 1245 1599 continuo
1272 1555 1396 1620 post
1422 1544 1681 1621 adeptum
1709 1543 2026 1619 imperium,

308 1640 503 1716 pedem
548 1654 710 1717 porta
748 1664 860 1698 non
911 1642 1104 1699 extulit
1140 1665 1151 1698 ε
1194 1645 1442 1720 sequenti
1484 1656 1759 1719 tempore,
1806 1654 2029 1718 praeter-

311 1762 477 1816 quam
509 1742 565 1796 in
604 1744 915 1819 propinqua
950 1743 1177 1820 oppida,
1213 1757 1267 1799 et
1297 1765 1465 1820 quum
1495 1743 1834 1820 longissime,
1866 1742 2030 1797 Antio

314 1854 497 1915 tenUS,
535 1864 806 1920 nusquam
842 1844 1016 1900 abfuit
1051 1867 1063 1900 :
1103 1845 1268 1920 idque
1300 1865 1526 1921 perraro
1564 1856 1617 1899 et
1656 1863 1858 1919 paucos
1891 1841 2032 1911 dies,

314 1944 594 2018 quamvi5‚
628 1945 937 2020 provincias
969 1965 1188 2021 quoque
1225 1957 1279 1999 et
1313 1946 1582 1999 exercitus
1610 1943 1919 1998 revisurum
1948 1961 2033 2007 se,

314 2063 455 2120 saepe
497 2044 936 2120 pronunciasset,
983 2056 1039 2099 et
1082 2065 1256 2121 prope
1301 2045 1595 2120 quotannis
1637 2041 2033 2120 profectionem

315 2155 672 2220 praepararet,
709 2142 973 2199 vehiculis
1021 2144 1456 2220 comprehensis,
1501 2142 1894 2218 commeatibus
1938 2161 2037 2217 per

317 2245 617 2320 municipia
647 2256 700 2299 et
728 2243 965 2300 colonias
997 2244 1294 2321 dispositis,
1334 2243 1404 2299 ad
1434 2255 1738 2298 extremum
1773 2253 1901 2297 vota
1933 2262 2035 2317 pro

320 2345 399 2399 itu
425 2356 479 2399 et
502 2342 683 2399 reditu
712 2364 810 2399 suo
836 2344 1034 2421 suscipi
1064 2365 1282 2424 passus,
1315 2356 1377 2399 ut
1405 2343 1570 2420 vulgo
1594 2343 1708 2418 jam
1735 2362 1835 2417 per
1850 2341 2036 2416 jocum

323 2444 653 2523 Callszz'des
675 2456 969 2500 vocaretur
993 2466 1005 2499 ε
1033 2465 1196 2520 quem
1219 2445 1508 2506 cursitare,
1539 2464 1602 2497 ac
1619 2434 1696 2497 'ne
1727 2441 1897 2496 cubiti
1926 2441 2042 2515 qui-

320 2544 446 2600 dem
477 2564 791 2599 mensuram
817 2542 1100 2621 progredi,
1129 2543 1422 2619 proverbio
1452 2563 1627 2619 graeco
1663 2553 1909 2596 notatum
1943 2552 2039 2595 est.

400 2645 662 2699 XXXIX.
702 2640 811 2699 Sed
843 2642 1066 2698 orbatus
1100 2655 1335 2719 utroque
1369 2641 1508 2714 filio,
1547 2662 1782 2717 quorum
1812 2643 2042 2697 Germa-

323 2743 479 2798 nicus
514 2743 572 2797 in
599 2743 781 2818 Syria,
819 2745 1034 2798 Drusus
1071 2746 1258 2799 Romae
1300 2742 1537 2813 obierat,
1577 2761 1846 2796 secessum
1887 2742 2047 2795 Cam-

324 2843 499 2919 paniae
546 2843 728 2920 petiit,
774 2843 1044 2898 constanti
1092 2855 1147 2897 et
1192 2842 1452 2919 opinione
1499 2854 1553 2897 et
1597 2860 1850 2897 sermone
1894 2859 2046 2915 paene

324 2943 599 3014 omnium,
624 2943 779 3018 quasi
803 2963 982 3018 neque
1006 2941 1282 2997 rediturus
1307 2961 1580 3017 unquam,
1603 2952 1659 2996 et
1682 2941 1792 2995 cito
1815 2949 2046 2994 mortem

325 3041 491 3097 etiam
509 3042 758 3097 obiturus
781 3062 793 3096 :
815 3041 964 3118 quod
983 3040 1147 3118 paulo
1172 3041 1351 3094 minus
1371 3051 1668 3115 utrumque
1690 3038 1885 3093 evenit.
1904 3037 2046 3092 Nam

326 3161 505 3217 neque
541 3146 777 3198 Romam
813 3140 1046 3218 amplius
1082 3139 1272 3210 rediit3
1315 3139 1409 3195 sed
1447 3152 1501 3195 et
1536 3160 1738 3215 paucos
1776 3147 1898 3213 post
1934 3135 2048 3189 dies

323 3240 478 3313 juxta
504 3243 855 3297 Terracinam
888 3243 941 3295 in
975 3240 1252 3316 praetoriO,
1286 3240 1370 3296 cui
1397 3238 1680 3315 Speluncae
1709 3256 1908 3291 nomen
1942 3247 2049 3306 est,
