2372 3918
764 266 830 312 m
868 265 1009 311 ocT.
1044 262 1409 309 AUGUSTUM.
1863 261 1953 306 203

290 364 398 410 Cn.
427 362 727 410 Lxxxvu.
751 361 958 407 Litteroe.
982 360 1056 405 De
1078 357 1255 420 quibus
1275 356 1455 404 mentio
1480 357 1529 403 in
1553 357 1751 417 Quintil.
1766 391 1781 416 ,
1810 374 1853 416 1,
1889 375 1914 417 7
1943 376 1954 404 ε

223 459 243 480 ι
261 440 408 498 Quod
442 439 569 489 idem
593 441 646 487 in
677 438 890 501 epistolis
934 434 1154 499 Augusti.
1173 450 1292 497 quas
1336 449 1419 481 sua
1456 449 1601 480 manu
1636 433 1843 496 scripsit,
1876 443 1958 481 aut

222 517 513 577 emendavit,
540 515 924 580 deprehenditur.

290 606 392 650 Hoc
425 606 611 652 Catone.
636 607 675 653 1.
701 621 741 653 e.
759 640 772 663 ,
796 618 947 666 quum
976 618 1143 649 verum
1167 602 1397 648 Catonem
1431 615 1532 647 non
1567 600 1827 647 habeamus
1852 614 1957 645 am·-

220 680 370 741 plius,
398 682 476 729 hic
498 681 639 730 nobis
658 697 751 744 pro
775 684 956 729 Catone
980 679 1067 739 sit,
1086 678 1181 724 hoc
1203 677 1348 725 simus
1371 676 1585 724 contenti
1614 693 1627 723 ε
1663 676 1716 723 id
1742 676 1878 739 quod
1899 676 1959 723 de

219 757 493 805 hominibus
521 758 667 806 aetatis
696 774 789 805 suae
811 757 1015 815 dictum,
1046 763 1214 817 postea
1237 754 1300 802 ad
1322 770 1397 802 res
1420 754 1562 801 etiam
1583 754 1841 801 transferre
1860 768 1960 815 po-

222 835 335 894 tuit,
359 836 562 883 docente
584 837 654 883 cl.
684 837 828 881 Hase.

291 925 562 971 Baceolum.
592 924 761 970 Nescio
792 939 854 970 an
868 923 1126 970 formatum
1139 922 1337 969 liberius
1362 937 1388 968 a
1413 927 1607 982 Βάκηλος,
1637 918 1776 982 quod
1806 919 1953 984 signi—

220 999 358 1060 ficat,
382 1002 585 1064 Hesych.
610 1010 751 1060 teste,
777 1010 795 1052 ὁ
815 1010 944 1068 μέγας
965 1007 1037 1053 καὶ
1049 1007 1226 1057 ἀνόητος.
1249 1000 1398 1061 Apud
1413 999 1610 1046 Suidam
1631 997 1806 1061 legitur
1828 1013 1841 1043 t
1865 1008 1952 1048 na·

218 1086 359 1143 ροιμίσι
392 1083 567 1136 Geinum<
592 1087 704 1139 ἐστι,
730 1086 843 1130 κατὰ
867 1091 947 1130 τῶν
975 1086 1148 1130 ἐκλὺτων
1175 1081 1246 1128 καὶ
1265 1079 1489 1142 ἀνανὸρῶν.

287 1165 622 1213 Pulleiaceum.
648 1168 722 1212 De
745 1168 902 1213 colore
920 1167 1057 1228 pullo
1088 1164 1142 1212 id
1170 1163 1528 1227 intelligendum
1545 1163 1737 1210 doctiss.
1759 1161 1872 1209 viris
1885 1161 1960 1206 vi·-

219 1242 387 1302 detur3
408 1258 519 1289 nam
550 1244 590 1290 is
618 1252 762 1305 τύπος,
799 1253 854 1291 ut
877 1243 1033 1302 aiunt,
1057 1244 1280 1306 frequens
1305 1250 1376 1288 est
1398 1242 1449 1288 in
1483 1257 1536 1288 re
1568 1242 1786 1288 colorum
1810 1256 1823 1286 z
1850 1242 1958 1286 vio-

219 1323 401 1377 la'ceus,
428 1321 710 1367 hederaceus
722 1356 740 1378 ‚
764 1330 852 1368 etc.

290 1408 479 1457 Cet-rito,
503 1409 652 1468 Quasi
675 1411 866 1457 cerer-ito
880 1445 894 1467 ,
923 1410 1060 1473 quod
1075 1410 1322 1458 dicebatur
1345 1410 1407 1456 de
1428 1412 1555 1455 male
1575 1410 1735 1463 sanis,
1756 1424 1846 1474 ⁴seu
1867 1409 1960 1455 (Σευ-

217 1485 337 1532 reris
363 1486 432 1532 ira
455 1484 618 1534 animo
636 1489 843 1546 vexatis3
858 1504 1007 1552 graece
1031 1496 1391 1555 Δημητρολῆπτοι,
1416 1495 1469 1534 ut
1487 1487 1537 1533 in
1559 1487 1724 1534 Horat.
1740 1520 1754 1544 ,
1780 1485 1876 1531 Sat.
1896 1502 1960 1543 u,

219 1563 247 1608 3
262 1597 276 1620 ,
302 1564 397 1622 278
423 1580 434 1609 ι
1528 1578 1534 1584 ·

395 1722 574 1764 Cerritus
595 1721 702 1763 fuit?
720 1735 771 1762 an
793 1730 1001 1770 commota
1017 1722 1183 1763 crimine
1206 1721 1349 1763 mentis

393 1790 585 1832 Absolves
601 1790 817 1833 hominem.

216 1941 314 1989 Ubi
346 1951 544 1988 annotat
565 1944 634 1989 Cl.
661 1945 814 1997 Ham,
846 1941 1044 1988 cerritus
1065 1957 1153 2004 per
1185 1942 1364 2004 duplex
1395 1958 1421 1984 r
1441 1941 1744 1988 scribendum
1773 1956 1872 1988 esse
1896 1941 1961 1987 ob

215 2018 354 2064 metri
385 2019 630 2066 rationem.

289 2106 607 2153 Vacermsum.
631 2110 675 2154 A
696 2123 912 2167 vacerra,
947 2124 1055 2171 quae
1083 2116 1153 2154 est
1176 2107 1335 2168 stipes·
1359 2108 1575 2152 Docente
1603 2106 1771 2164 Festo,
1796 2107 1960 2152 Ateius

214 2182 489 2246 philologus
511 2184 816 2239 maledictum
844 2186 937 2231 hoc
969 2185 1163 2232 nomine
1189 2185 1294 2230 vult
1319 2182 1601 2246 significari,
1633 2193 1690 2230 ut
1712 2184 1771 2230 sit
1799 2200 1960 2231 vecors

217 2268 264 2304 et
290 2276 520 2318 vesanus,
551 2270 669 2307 teste
691 2261 857 2320 Livio,
881 2261 966 2323 qui
989 2261 1107 2307 dicit
1137 2278 1303 2308 vecors
1328 2272 1374 2307 et
1395 2261 1612 2321 malefice
1644 2276 1853 2307 vacet-ra.

294 2348 493 2409 Vapide.
531 2348 626 2394 Alii
662 2348 908 2395 deducunt
941 2365 973 2393 a
1005 2364 1215 2411 vapore,
1248 2348 1279 2394 i.
1319 2364 1359 2394 e.
1393 2350 1554 2394 calore
1574 2346 1732 2406 febris
1760 2350 1959 2402 tentari;

217 2424 297 2470 alii
328 2439 355 2471 a
386 2441 582 2487 vappa,
608 2442 712 2487 quae
741 2442 837 2472 vox
867 2426 1006 2472 homo
1036 2428 1175 2473 nihili
1194 2425 1426 2490 significat
1443 2460 1455 2483 ,
1483 2424 1612 2472 unde
1637 2425 1789 2471 oritur
1813 2426 1960 2487 vapi-

217 2503 336 2557 dus,
366 2501 414 2548 in
438 2505 594 2560 Pers.,
625 2519 703 2563 w,
739 2519 794 2562 ¹7
825 2520 837 2549 ε

397 2668 443 2706 Et
458 2665 615 2719 signum
632 2665 674 2708 in
694 2666 838 2722 vapida
857 2679 954 2708 naso
975 2665 1146 2720 tetigisse
1169 2666 1322 2720 lagena.

218 2821 364 2883 Apud
386 2821 628 2881 eumdem,
661 2834 750 2870 sat.
774 2840 832 2882 v,
871 2840 957 2882 ¹17
998 2841 1009 2870 :
1041 2825 1273 2887 vapidum
1291 2833 1470 2885 pectus.

286 2911 553 2958 Betizare...
580 2913 901 2959 lachanizare.
926 2939 992 2949 —
1023 2914 1247 2960 Beeizare
1278 2928 1306 2960 a
1328 2913 1459 2969 beta,
1498 2912 1611 2974 quia
1643 2911 1846 2958 maxime
1881 2919 1957 2957 te-

217 3001 331 3033 nera
353 2989 559 3052 languet.
583 2992 833 3053 Languere
857 3000 1109 3052 autem‚ut
1131 2991 1339 3050 videtur,
1365 2989 1662 3052 significabat
1693 2990 1839 3050 vulgo
1861 3004 1958 3036 vox

220 3064 552 3123 lachanc'zare‚
607 3083 634 3114 a
681 3076 855 3133 λάχανον
873 3109 886 3130 ,
930 3070 1038 3116 olus
1083 3070 1302 3133 quodvis,
1346 3069 1477 3130 apud
1530 3068 1729 3114 Atticos.
1779 3068 1956 3114 Forsan

218 3138 268 3186 in
287 3140 514 3190 hocloco
540 3144 762 3193 nonnihil
779 3146 973 3193 obsceni
987 3148 1129 3204 latet,
1158 3162 1217 3193 ex
1250 3147 1445 3205 Catull.,
1477 3161 1596 3203 mxv,
1615 3161 1669 3191 αι
1705 3163 1715 3191 :

397 3299 634 3352 menidior
653 3308 788 3343 tenera
810 3300 875 3342 cui
898 3301 1075 3357 pendens
1097 3302 1218 3345 sicula
1240 3302 1347 3345 beta.
