2372 3918
781 259 1085 305 ocrAvms
1108 258 1447 306 AUGUSTUS.
1868 288 1883 317 1
1901 288 1914 317 ι
1932 290 1946 318 ι

270 356 503 416 circulus
535 361 602 417 ad
634 362 866 438 speciem
898 358 1127 417 coelestis
1165 381 1321 417 arcus
1356 361 1545 417 orbem
1578 362 1705 419 solis
1737 366 1951 421 ambiit:

268 476 330 512 ac
365 460 595 516 subinde
625 459 804 530 Juliae,
837 461 1060 517 Caesaris
1102 458 1248 531 filiae,
1282 472 1700 517 monumentum
1736 463 1959 519 fulmine

270 556 439 614 ictum
464 571 561 615 est.
586 559 769 615 Primo
793 570 973 614 autem
997 557 1309 632 consulatu,
1335 560 1385 615 ei
1409 559 1700 637 augurium
1726 564 1958 638 capienti

269 654 558 713 duodecim
587 676 645 713 se
674 655 945 728 vultureS,
975 669 1038 714 ut
1058 655 1325 730 Romulo,
1347 659 1742 729 ostenderunt;
1775 672 1830 715 et
1862 661 1962 716 im·

268 754 494 811 molanti
531 756 775 812 omnium
796 739 1152 814 'victimarum
1179 758 1426 835 jecinora
1462 757 1722 835 replicata
1762 760 1958 815 intrin-

270 873 422 911 secus
456 852 526 910 ab
559 854 666 911 ima
695 853 829 912 fibra
859 867 1192 932 patuerunt,
1226 857 1442 914 nemine
1468 858 1771 936 peritorum
1807 857 1965 915 aliter

268 953 633 1029 conjectante,
667 973 831 1030 quam
855 953 976 1011 laeta
1013 976 1111 1032 per
1145 957 1259 1013 haec
1295 969 1351 1013 et
1375 978 1572 1035 magna
1606 958 1878 1034 portendi.

346 1054 543 1109 XCVI.
589 1054 742 1126 Quin
768 1066 824 1110 et
849 1053 1120 1111 bellorum
1148 1057 1396 1112 omnium
1425 1068 1652 1113 eventus
1675 1069 1801 1113 ante
1824 1077 1963 1133 prae-

268 1152 450 1207 sensit.
498 1153 807 1209 Contractis
857 1153 927 1209 ad
966 1155 1265 1210 Bononiam
1312 1156 1725 1211 triumvirorum
1766 1157 1965 1231 copiis),

267 1250 477 1326 aquila,
509 1253 747 1309 tentorio
781 1252 895 1328 ejus
930 1252 1318 1331 supersedens,-
1356 1253 1493 1309 duos
1525 1274 1717 1310 corvos
1751 1255 1878 1309 hinc
1913 1268 1968 1310 et

269 1349 394 1406 inde
435 1352 749 1409 infestantes
792 1351 1012 1424 afflixit,
1054 1364 1109 1408 et
1152 1351 1221 1407 ad
1260 1364 1462 1408 terram
1510 1351 1695 1422 dedit3
1741 1365 1966 1410 notante

269 1451 417 1506 omni
451 1452 721 1524 exercitu,
757 1452 1001 1508 futuram
1037 1451 1363 1527 quandoque
1405 1452 1550 1507 inter
1587 1450 1823 1529 collegas
1862 1453 1969 1508 dis-

271 1550 511 1605 cordiam
538 1550 731 1623 talem,
762 1549 935 1627 qualis
967 1561 1150 1606 secuta
1186 1560 1294 1621 est,
1326 1561 1491 1626 atque
1529 1551 1734 1614 exitum
1773 1572 1967 1627 praesa-

271 1650 464 1726 giente.
496 1652 561 1704 In
589 1649 883 1726 Philippis,
917 1647 1209 1704 Thessalus·
1234 1648 1455 1723 quidam
1475 1649 1556 1704 ‘de
1588 1649 1774 1705 futura
1803 1652 1970 1706 victo-

270 1748 350 1803 ria
394 1749 703 1821 nunciavit,
750 1759 971 1804 auctore
1013 1750 1083 1804 D.
1131 1749 1375 1817 Caesare,
1419 1748 1575 1823 cujus
1619 1748 1720 1803 sibi
1767 1751 1969 1825 species

269 1847 464 1905 itinere
501 1848 621 1903 avio
656 1847 995 1902 occurrisset.
1034 1847 1193 1903 Circa
1223 1847 1533 1918 Perusiam,
1564 1847 1830 1903 sacrificio
1858 1869 1967 1903 non

269 1945 486 2018 litante,
513 1967 682 2023 quum
706 1946 894 2024 augeri
918 1946 1120 2002 hostias
1146 1946 1492 2022 imperasset,
1521 1966 1583 2001 ac
1608 1946 1785 2002 subita
1810 1967 1970 2024 erup-

271 2047 419 2102 tione
448 2047 629 2102 hostes
658 2066 873 2101 omnem
903 2046 983 2101 rei
1011 2044 1207 2100 divinae
1235 2056 1559 2122 apparatum
1589 2044 1970 2116 abstulissent,

271 2146 515 2202 constitit
558 2146 699 2201 inter
741 2145 1086 2222 haruspices,
1131 2165 1251 2221 quae
1303 2143 1606 2220 periculosa
1649 2157 1703 2200 et
1748 2145 1974 2201 adversa

273 2245 598 2301 sacrificanti
633 2245 959 2300 denunciata
997 2255 1200 2315 essent,
1238 2255 1434 2299 cuncta
1472 2244 1528 2298 in
1567 2242 1688 2299 illos
1723 2264 1974 2300 recasura

271 2346 365 2421 qui
406 2356 528 2400 exta
565 2345 845 2400 haberent.
889 2345 1083 2419 Neque
1121 2342 1278 2398 aliter
1316 2342 1512 2398 evenit.
1555 2343 1770 2413 Pridie,
1808 2364 1971 2419 quam
2036 2408 2039 2412 s

274 2442 613 2501 Siciliensem
639 2462 881 2520 pugnam
909 2441 1078 2497 classe
1107 2441 1491 2511 committeret,
1522 2439 1890 2496 deambulanti
1919 2443 1975 2496 in

274 2543 434 2599 litore
469 2544 631 2620 piscis
671 2563 702 2598 e
741 2542 878 2598 mari
915 2540 1163 2611 exsiluit,
1203 2553 1258 2596 et
1294 2540 1362 2595 ad
1394 2539 1559 2617 pedes
1592 2541 1779 2616 jacuit.
1817 2541 1978 2617 Apud

277 2644 531 2716 Actium,
582 2641 929 2699 descendenti
984 2642 1041 2697 in
1097 2641 1269 2697 aciem
1320 2639 1515 2696 asellus
1571 2660 1697 2695 cum
1746 2640 1979 2696 asinario

277 2744 519 2799 occurrit
550 2762 564 2797 2
592 2742 800 2797 homini
834 2740 1142 2817 Eutychus,
1174 2740 1357 2796 bestiae
1390 2741 1571 2798 Nicon
1608 2751 1725 2796 erat
1760 2760 1976 2795 nomen.

278 2843 578 2917 Utriusque
601 2838 947 2896 simulacrum
968 2859 1174 2893 aeneum
1198 2839 1372 2894 victor
1392 2840 1575 2915 posuit
1595 2839 1651 2893 in
1676 2838 1903 2915 templo,
1925 2839 1982 2893 in

279 2942 427 3019 quod
449 2954 750 2998 castrorum
775 2958 996 2995 suorum
1021 2935 1202 2994 locum
1226 2938 1406 2993 vertit.

361 3043 586 3097 XCVII.
630 3042 783 3099 Mors
826 3057 1043 3116 quoque
1087 3037 1236 3113 ejus,
1281 3035 1347 3091 de
1392 3056 1502 3111 qua
1539 3034 1735 3091 dehinc
1776 3036 1983 3103 dicam,

283 3141 645 3215 divinitasque
683 3149 807 3216 post
848 3149 1106 3206 mortem,
1141 3134 1552 3190 evidentissimis
1589 3133 1811 3188 ostentis
1845 3153 1982 3210 prae·

283 3242 503 3318 cognita
544 3250 639 3294 est.
685 3238 873 3309 Quum
922 3235 1156 3292 lustrum
1204 3236 1259 3289 in
1300 3253 1500 3309 campo
1543 3234 1745 3288 Martio
1791 3252 1986 3312 magna
