2372 3918
703 457 1508 546 VESPASIANUS.

1002 695 1221 709 ...ψ-

236 871 278 925 1:
328 821 746 926 Rnnnmour.
770 864 937 918 trium
966 862 1285 939 principum
1323 874 1378 918 et
1409 861 1557 920 caede
1587 863 1860 921 incertum
1885 864 1980 923 diu

235 982 290 1026 et
321 969 477 1046 quasi
513 985 712 1044 vagum
754 964 1052 1041 imperium
1094 964 1334 1041 suscepit
1373 963 1722 1042 firmavitque
1753 966 1979 1023 tandem

234 1090 368 1148 gens
395 1066 585 1125 Flavia
609 1088 622 1123 ε
650 1066 884 1122 obscura
911 1062 1002 1120 illa
1033 1063 1377 1141 quidem‚-ac
1400 1066 1518 1121 sine
1549 1064 1675 1122 ullis
1706 1068 1980 1145 majorum

233 1169 590 1248 imaginihm,
636 1166 731 1224 sed
786 1179 971 1223 tamen
1020 1164 1339 1243 reipublicae
1389 1188 1742 1245 nequaquam
1795 1171 1977 1248 poeni-

230 1268 423 1342 tenda;
452 1280 668 1326 constet
699 1266 858 1338 licet,
894 1267 1283 1323 Domitianum
1311 1267 1633 1346 cupiditatis
1661 1290 1728 1326 ac
1758 1272 1977 1327 saevitiae

230 1371 431 1427 merito
479 1390 670 1447 poenas
725 1367 905 1424 luisse.
960 1369 1119 1424 Titus
1167 1366 1388 1423 Flavius
1437 1370 1640 1436 Petro,
1690 1371 1980 1449 municeps

229 1472 525 1542 Reatinus,
561 1468 706 1526 bello
747 1467 897 1525 civili
941 1469 1410 1545 Pompeianarum
1442 1471 1686 1546 partium
1721 1474 1977 1528 centurio

227 1593 298 1628 an
326 1585 614 1644 evocatus,
640 1570 894 1649 profugit
938 1591 1004 1626 ex
1041 1568 1353 1647 pharsalica
1381 1571 1518 1640 acie,
1550 1570 1893 1651 domumque
1916 1595 1976 1631 se

226 1671 504 1729 contulit:
539 1672 634 1728 ubi
666 1671 889 1739 deinde,
931 1672 1088 1726 venia
1121 1683 1175 1726 et
1213 1671 1472 1727 missione
1506 1671 1802 1750 impetrata
1826 1718 1842 1747 ,
1877 1695 1975 1731 co-

223 1774 468 1831 actiones
501 1774 843 1851 argentarias
885 1770 1170 1827 factitavit.
1210 1772 1391 1847 Hujus
1427 1770 1597 1838 filius,
1635 1775 1974 1850 cognomine

225 1874 490 1944 Sabinus,
515 1894 710 1951 expers
739 1871 948 1928 militiae
970 1872 1102 1950 (etsi
1126 1870 1352 1948 quidam
1382 1892 1510 1940 eum
1543 1872 1976 1950 primipilarem3

222 1973 512 2047 nonnulli,
548 1995 721 2052 quum
756 1974 938 2030 adhuc
967 1973 1192 2029 ordines
1221 1972 1483 2045 duceret,
1514 1988 1867 2031 sacramento
1891 1997 1978 2032 so-

219 2074 399 2132 lutum
423 2097 524 2154 per
546 2097 767 2134 causam
798 2074 1163 2145 valetudinis,
1195 2074 1490 2153 tradunt),
1523 2074 1809 2152 publicum
1838 2099 1974 2155 qua-

221 2175 544 2254 dragesimae
577 2178 633 2233 in
666 2178 792 2234 Asia
827 2177 977 2254 egit;
1028 2176 1441 2252 manebantque
1474 2177 1741 2254 imagines
1766 2199 1798 2234 a
1833 2180 1971 2235 civi-

218 2277 424 2334 tatibus
445 2279 494 2334 ei
519 2280 712 2356 positae
740 2277 842 2334 sub
862 2278 966 2333 hoc
993 2276 1175 2346 titulo,
1207 2293 1402 2331 ΚΑΛΩΣ
1424 2293 1838 2334 ΤΕΛΩΝΗΣΑΝΤῙ.
1864 2284 1971 2338 Po·

219 2390 331 2434 stea
363 2378 522 2435 fenus
573 2378 722 2457 apud
763 2377 1039 2435 Helvetios
1070 2380 1348 2451 exercuit,
1387 2379 1572 2456 ibique
1614 2380 1761 2436 diem
1797 2381 1972 2451 obiit,

218 2480 608 2557 superstitibus
665 2501 838 2536 uxore
890 2481 1156 2557 Vespasia
1206 2478 1387 2549 Poma,
1426 2493 1479 2536 et
1524 2480 1742 2538 duobus
1784 2504 1855 2540 ex
1905 2505 1970 2541 ea

218 2579 406 2637 liberis
438 2602 451 2637 :
482 2602 721 2657 quorum
757 2582 936 2659 major
979 2583 1216 2637 Sabinus
1251 2581 1317 2637 ad
1355 2581 1737 2660 praefecturam
1770 2585 1970 2653 Urbis,

220 2682 403 2738 minor
454 2684 826 2761 Vespasianus
884 2683 955 2739 ad
1007 2683 1381 2760 principatum
1443 2705 1618 2761 usque
1674 2688 1960 2762 processit.

216 2780 397 2854 Polla,
430 2785 647 2842 Nursiae
681 2784 923 2841 honesto
957 2806 1161 2863 genere
1196 2797 1348 2856 orta,
1377 2798 1591 2863 patrem
1624 2786 1823 2843 habuit
1850 2791 1965 2845 Ve-

216 2884 458 2959 spasium
490 2884 822 2956 Pollionem,
857 2898 940 2941 ter
980 2885 1266 2942 tribunum
1304 2884 1574 2958 militum,
1617 2887 1963 2964 praefectum·

212 3005 322 3060 que
364 2998 707 3057 castrorum3
739 2985 969 3044 fratrem
996 3000 1308 3043 senatorem
1346 2989 1615 3065 praetoriae
1659 2988 1962 3066 dignitatis.

212 3086 396 3142 Locus
421 3087 852 3145 etiamnunc-ad
879 3100 1090 3145 sextum
1123 3087 1446 3145 milliarium
1474 3111 1505 3146 a
1533 3090 1737 3147 Nursia
1764 3088 1961 3167 Spole-

202 3186 351 3243 tium
394 3188 651 3245 euntibus
687 3190 753 3245 -in
806 3203 992 3246 monte
1034 3211 1252 3247 summo
1291 3189 1604 3269 appellatur
1636 3191 1959 3268 Vespasiae3

216 3287 305 3342 ubi
351 3290 747 3365 Vespasiorum
795 3290 1082 3369 complura
1136 3304 1495 3347 monumenta
1543 3304 1787 3362 exstant,
1842 3311 1960 3346 ma-
