2372 3918
347 300 374 345 Ο
1022 297 1072 341 C.
1110 296 1352 342 SUETON
1357 296 1403 340 11

346 404 526 460 lacum
546 447 560 474 ‚
593 402 688 459 ubi
719 401 984 479 adaquari
1009 399 1218 457 solebat
1235 442 1251 473 ,
1275 399 1567 455 duceretur
1590 399 1769 475 capite
1798 397 2076 471 involut0‚

344 518 508 582 atque
543 503 748 562 ibidem
784 501 1054 574 revelat0‚
1088 501 1208 578 ejus
1239 512 1412 572 esset,
1441 499 1511 556 ad
1543 519 1708 576 quem
1738 511 1933 578 sponte
1963 520 2018 556 se
2049 522 2077 555 a

303 666 308 670 ,
345 618 481 684 potu
514 606 821 683 recepisset.

424 708 581 763 VIII.
600 706 690 764 Ob
714 725 834 779 res,
868 716 921 761 et
951 716 1083 760 tunc
1116 704 1174 759 iu
1206 703 1417 775 Africa,
1451 715 1506 760 et
1535 701 1668 759 olim
1693 704 1748 758 in
1777 694 2076 759 Germania

344 818 554 884 gestas,
583 817 909 862 ornamenta
946 803 1303 882 triumphalia
1338 805 1577 883 accepit,
1614 816 1667 860 et
1711 803 2078 859 sacerdotium

343 907 578 986 triplex,
620 908 764 969 inter
809 906 1278 983 quindecimviros
1324 904 1644 982 sodalesque
1686 905 1893 977 Titios,
1943 904 2077 960 item

341 1007 698 1086 AugustaleS,
734 1019 1026 1086 cooptatus
1062 1028 1075 1063 ε
1107 1018 1272 1083 atque
1312 1026 1377 1062 ex
1410 1026 1476 1062 eo
1518 1018 1765 1082 tempore
1801 1025 1975 1083 prope
2010 1003 2079 1060 ad

343 1107 586 1170 medium
611 1109 851 1171 Neronis
873 1108 1245 1185 principatum
1268 1107 1323 1162 in
1347 1126 1558 1162 secessu
1587 1104 1889 1184 plurimum
1919 1106 2081 1175 vixit3

346 1201 413 1265 ue
444 1208 515 1271 ad
545 1208 873 1287 gestandum
907 1207 1131 1285 quidem
1167 1227 1412 1284 unquam
1450 1205 1608 1263 aliter
1640 1206 1744 1262 iter
1773 1206 2082 1283 ingressus,

343 1329 511 1385 quam
550 1321 614 1367 ut
656 1329 844 1365 secum
878 1306 1134 1365 vehiculo
1165 1308 1420 1385 proximo
1462 1307 1639 1362 decies
1678 1306 1988 1362 sestertium
2024 1307 2082 1360 in

342 1429 480 1465 auro
510 1408 763 1481 efferret,
797 1408 973 1465 donec
997 1409 1055 1463 in
1081 1407 1289 1486 oppido
1317 1406 1522 1464 Fundis
1553 1406 1790 1462 moranti
1818 1407 2084 1483 Hispania

341 1511 775 1573 Tarraconensis
798 1507 983 1566 oblata
1015 1519 1113 1565 est.
1152 1506 1479 1583 Acciditque
1497 1549 1512 1577 ‚
1544 1520 1628 1579 ut,
1658 1527 1830 1583 quum
1860 1507 2083 1583 provin-

345 1613 489 1675 ciam
516 1612 795 1689 ingressus
830 1609 1162 1667 sacrificaret
1191 1610 1334 1665 intra
1365 1608 1537 1664 aedem
1575 1607 1884 1685 publicam,
1909 1628 2083 1685 puero

342 1733 373 1767 e
396 1711 661 1767 ministris
677 1755 692 1784 ‚
722 1730 971 1767 acerram
994 1711 1231 1781 tenenti,
1255 1707 1486 1785 capillus
1512 1721 1739 1785 repente
1761 1720 1876 1764 toto
1902 1709 2083 1785 capite

344 1824 675 1875 canesceret.
709 1812 825 1868 Nec
856 1810 1151 1867 defuerunt
1169 1853 1183 1882 ,
1216 1811 1310 1886 qui
1338 1810 1849 1886 interpretarentur,
1876 1809 2085 1886 signifi-

344 1913 458 1971 cari
490 1933 677 1981 rerum
707 1913 1099 1982 mutationem,
1129 1930 1621 1986 successurumque
1645 1909 1837 1986 juveni
1868 1931 2081 1982 senem,

342 2014 451 2071 hoc
486 2026 598 2082 est,
634 2015 819 2091 ipsum
863 2014 1092 2074 Neroni.
1131 2014 1260 2070 Non
1295 2011 1473 2067 multo
1511 2024 1634 2088 post
1672 2012 1728 2066 in
1770 2011 2083 2068 Cantabriae
2144 2043 2148 2045 >

343 2114 524 2172 lacum
559 2114 769 2172 fulmen
798 2113 1002 2172 decidit
1033 2136 1046 2170 ε
1084 2126 1426 2191 repertaeque
1451 2124 1582 2168 sunt
1607 2112 1901 2181 duodecim
1928 2134 2082 2168 secu-

345 2236 464 2283 reS‚
492 2214 643 2272 haud
677 2216 1002 2293 ambiguum
1033 2214 1234 2271 summi
1264 2215 1479 2291 imperii
1510 2214 1746 2290 signum.

425 2318 522 2372 IX.
556 2318 662 2378 Per
692 2328 821 2372 octo
848 2336 1025 2372 annos
1055 2316 1205 2371 varie
1233 2327 1287 2370 et
1310 2312 1711 2390 inaequabiliter
1738 2315 2080 2391 provinciam

343 2419 499 2474 rexit.
534 2419 724 2474 Primo
763 2438 916 2489 acer,
953 2416 1281 2484 vehemens,
1317 2427 1370 2471 et
1404 2416 1460 2470 in
1503 2413 1819 2470 coercendis
1856 2414 2080 2492 quidem

343 2516 556 2575 delictis
580 2517 662 2574 vel
685 2517 1028 2578 immodicus.
1058 2517 1204 2575 Nam
1233 2528 1285 2572 et
1312 2513 1709 2586 nummulariO,
1741 2536 1853 2571 non
1883 2536 1949 2571 ex
1975 2515 2083 2572 fide

346 2621 581 2691 versanti
612 2620 876 2696 pecunias
893 2661 910 2691 ‚
936 2637 1132 2673 manus
1161 2616 1468 2693 amputavit
1487 2660 1502 2685 ,
1526 2636 1838 2693 mensaeque
1866 2617 1983 2693 ejus
2007 2616 2082 2672 af·
2143 2628 2145 2630 ’

344 2720 494 2791 fixit,
522 2731 577 2776 et
611 2730 882 2788 tutorem,
921 2716 1074 2795 quod
1108 2715 1382 2794 pupillum
1400 2759 1415 2789 ‚
1444 2717 1534 2773 cui
1564 2717 1892 2773 substitutus
1922 2717 2080 2773 heres

344 2832 496 2889 erat,
526 2839 742 2877 veneno
768 2830 1015 2876 necasset
1033 2861 1049 2890 ‚
1079 2838 1245 2875 cruce
1279 2816 1464 2874 affecit
1495 2838 1508 2873 ε
1539 2816 1970 2895 implorantique
1999 2816 2075 2873 le-

346 2940 475 2998 geS‚
508 2933 564 2976 et
595 2921 770 2977 civem
803 2920 1097 2976 romanum
1130 2939 1186 2975 se
1217 2917 1562 2991 testificanti,
1600 2920 1758 2996 quasi
1797 2917 1990 2975 solatio
2022 2930 2076 2974 et

347 3022 561 3077 honore
582 3020 768 3098 aliquo
784 3040 1004 3099 poenam
1034 3018 1315 3076 levaturus
1332 3063 1347 3090 ,
1374 3021 1611 3092 mutari,
1639 3018 1923 3096 multoque
1942 3039 2079 3096 prae-

346 3133 430 3182 ter
468 3134 675 3178 ceteras
711 3121 961 3178 altiorem
997 3133 1051 3176 et
1085 3118 1396 3175 dealbatam
1434 3122 1599 3177 statui
1633 3103 1857 3176 'crucem
1895 3119 2074 3196 jussit.

347 3221 618 3278 Paulatim
667 3223 722 3278 in
771 3221 1036 3278 desidiam
1075 3220 1471 3298 segnitiemque
1516 3241 1810 3277 conversus
1849 3231 1963 3291 est,
2008 3240 2077 3275 ne

349 3320 479 3395 quid
522 3323 762 3377 materiae
808 3321 1075 3399 praeberet
1110 3321 1354 3393 Neroni,
1400 3333 1482 3389 et,
1525 3334 1583 3376 ut
1617 3319 1797 3375 dicere
1837 3318 2075 3390 solebat,
