2372 3918
787 272 1094 320 ocuvms
1118 270 1458 317 Ancus‘rus.
1913 272 1972 330 ⁸7

267 398 441 455 neque
471 399 534 434 ex
565 396 839 455 quoquam
868 374 990 452 plus
1020 373 1243 431 denario
1267 373 1559 429 auferente.
1590 372 1974 432 Revertentem

266 499 329 533 ex
359 478 638 555 provincia
672 496 782 533 non
813 473 990 531 solum
1025 475 1215 531 faustis
1243 474 1545 545 ominibus,
1575 474 1667 530 sed
1695 487 1750 531 et
1782 475 1977 532 modu·

266 577 387 635 latis
412 576 743 636 carminibus
767 575 1256 652 prosequebantur.
1283 574 1651 633 Observatum
1677 575 1842 631 etiam
1868 588 1979 646 est,

266 698 359 750 ne,
404 678 612 755 quoties
655 675 908 732 introiret
950 674 1187 748 Urbem,
1233 673 1563 752 supplicium
1601 672 1669 730 de
1702 694 1979 752 quoquam

265 788 583 834 sumeretur.

342 877 538 932 LVIII.
584 876 762 933 Patris
809 875 997 951 patriae
1045 894 1352 951 cognomen
1402 875 1642 931 universi
1692 876 1980 953 repentino

264 977 605 1052 maximoque
635 994 905 1032 consensu
938 972 1255 1030 detulerunt
1292 975 1359 1030 ei.
1400 974 1585 1031 Prima
1622 973 1806 1052 plebs,
1839 975 1983 1055 lega-

265 1078 410 1132 tione
440 1075 671 1133 Antium
698 1075 861 1132 missa
893 1096 904 1130 ε
937 1074 1089 1147 dein,
1117 1074 1246 1151 quia
1276 1095 1387 1131 non
1420 1074 1741 1152 recipiebat,
1774 1076 1983 1133 ineunti

263 1179 448 1232 Romae
487 1173 795 1253 spectacula
836 1175 1093 1252 frequens
1135 1186 1190 1231 et
1234 1174 1475 1231 laureata
1518 1195 1530 1230 ε
1569 1195 1694 1231 mox
1734 1175 1790 1231 in
1833 1177 1984 1233 curia

262 1288 516 1348 senatuS,
551 1296 726 1352 neque
773 1274 1027 1347 decreto,
1073 1296 1251 1352 neque
1293 1274 1718 1349 acclamatione,
1757 1275 1851 1332 sed
1888 1297 1986 1354 per

260 1374 542 1433 Valerium
580 1374 885 1433 Messalam.
928 1379 1016 1449 Is,
1057 1375 1447 1433 mandantibus
1485 1378 1735 1449 cunctis,
1773 1377 1986 1449 «Quod

261 1477 499 1547 bonum,
520 1500 547 1528 »
579 1476 792 1552 inquit,
827 1476 1221 1554 «faustumque
1254 1477 1321 1532 sit
1354 1476 1481 1549 tibi,
1514 1475 1814 1553 domuique
1849 1489 1982 1545 tuae‚

261 1580 444 1634 Caesar
466 1579 712 1653 Auguste
737 1597 750 1631 τ
776 1578 853 1632 sic
884 1577 1029 1631 enim
1059 1597 1159 1632 nos
1186 1588 1509 1653 perpetuam
1543 1575 1854 1632 felicitatem
1886 1579 1989 1632 rci-

260 1674 491 1752 publicae
532 1687 586 1731 et
627 1674 748 1732 laeta
783 1675 912 1731 huic
946 1676 1159 1752 precari
1188 1676 1564 1734 existimamus
1600 1698 1612 1731 :
1650 1688 1871 1732 senatus
1906 1689 1985 1748 te,

258 1776 603 1833 consentiens
651 1796 778 1831 cum
828 1775 1034 1853 populo
1081 1778 1362 1847 Romano,
1409 1774 1717 1831 consalutat
1767 1796 1988 1833 PATmAE

257 1895 547 1933 PATREM.»
572 1878 678 1933 Cui
710 1874 1014 1954 lacrymans
1049 1876 1335 1954 respondit
1370 1879 1654 1955 Augustus
1688 1878 1774 1933 his
1807 1877 1988 1933 verbis

258 1976 415 2053 (ipsa
459 1977 641 2048 enim,
683 1978 824 2034 sicut
864 1976 1144 2047 Messalae‚
1188 1978 1385 2056 posui)
1426 1999 1438 2033 z
1481 1979 1769 2055 «Compos
1811 1977 1988 2034 factus

257 2089 515 2135 votorum
532 2085 795 2135 -fiieorum
814 2121 829 2150 ,
864 2090 1047 2156 patres
1081 2079 1410 2156 conscripti,
1444 2079 1595 2156 quod
1627 2079 1805 2136 habeo
1837 2077 1988 2135 aliud

256 2181 404 2233 Deos
454 2176 790 2234 immortales
840 2180 1084 2255 precari,
1135 2199 1303 2256 quam
1354 2192 1416 2235 ut
1458 2180 1607 2236 hunc
1657 2200 1989 2236 consensum

260 2291 503 2335 vestrum
526 2278 599 2335 ad
622 2278 879 2335 ultimum
907 2280 1029 2335 vitae
1054 2279 1218 2335 finem
1244 2280 1377 2336 mihi
1405 2279 1645 2358 perferre
1670 2279 1910 2337 liceat?»

338 2382 486 2435 LIX.
532 2378 752 2436 Medico
782 2380 1024 2436 Antonio
1056 2382 1256 2452 Musae,
1287 2381 1444 2457 cujus
1470 2402 1637 2458 opera
1668 2403 1732 2437 ex
1765 2383 1989 2459 ancipiti

262 2480 456 2535 morbo
490 2478 881 2552 convaluerat,
919 2493 1158 2536 statuam
1198 2501 1303 2537 aere
1345 2479 1546 2537 collato
1574 2482 1735 2557 juxta
1771 2482 1988 2559 signum

262 2578 557 2656 AEsculapii
588 2592 916 2637 statuerunt.
954 2580 1223 2638 Nonnulli
1257 2593 1479 2659 patrum
1518 2580 1851 2638 familiarum
1890 2593 1993 2638 tes—

261 2691 510 2737 tamento
547 2693 843 2753 caverunt,
881 2693 943 2736 ut
977 2682 1045 2737 ab
1082 2681 1373 2738 heredibus
1412 2682 1522 2736 suis
1564 2680 1790 2757 praelato
1828 2680 1991 2738 titulo

263 2780 497 2836 victimae
540 2780 596 2835 in
643 2778 984 2857 Capitolium
1031 2779 1396 2852 ducerentur,
1439 2792 1742 2857 votumque
1790 2803 1891 2859 pro
1935 2804 1991 2839 se

263 2879 590 2950 solveretur,
625 2899 784 2947 Quon
815 2898 1198 2937 surnnsrrrssu
1232 2898 1539 2938 Anous‘rnm
1569 2900 1985 2949 nEQOssEuT.

265 2978 536 3052 Quaedam
563 2978 734 3036 Italiae
760 2980 1007 3036 civitates
1034 2978 1205 3052 diem,
1234 3001 1346 3057 quo
1372 2980 1613 3057 primum
1638 2980 1707 3036 ad
1732 3002 1788 3036 se
1812 2982 1989 3038 venis-

265 3091 372 3151 set,
399 3080 616 3136 initium
641 3081 771 3136 anni
795 3080 1057 3138 fecerunt.
1085 3081 1501 3137 Provinciarum
1530 3078 1799 3156 pleraeque
1824 3101 1990 3157 super

268 3178 472 3256 templa
500 3192 553 3235 et
583 3200 727 3252 araS,
759 3178 916 3237 ludos
946 3202 1165 3259 quoquc
1194 3179 1626 3258 quinquennales
1652 3200 1804 3256 paenc
1831 3182 1989 3258 oppi-

270 3279 439 3334 datim
473 3281 893 3337 constituerunt.
