2372 3918
717 275 801 321 ‚m
838 274 888 320 c.
929 274 969 319 J.
1009 273 1336 334 cAESAREM.
1821 279 1907 340 157

239 373 312 418 Ab
327 374 472 420 obvio.
498 372 784 436 Intelligitur
806 370 1162 429 Artemidorus,
1179 387 1352 434 genere
1376 371 1597 433 Cnidius,
1621 375 1918 437 professione

167 450 332 496 rhetor
345 466 406 496 ex
419 450 681 508 Plutarch„
700 448 785 511 qui
810 463 910 494 rem
925 448 1124 509 exponit
1140 447 1189 496 in
1216 448 1335 494 Caes.
1364 449 1435 495 Cf.
1460 452 1646 498 Zoiun.
1663 488 1677 511 ,
1710 457 1913 508 Amal..

171 543 238 586 11,
262 543 310 588 p.
354 529 442 576 132
478 544 491 574 z
521 526 650 594 ἐγγὺς
685 528 847 592 σφόδρα.
894 534 1137 588 προςιλθὼν,
1168 537 1326 587 Τοῦτο,
1364 536 1459 591 ἔφη,
1487 537 1675 595 Καῖσαρ,
1718 540 1918 598 ἀνάγνωθι

175 614 290 670 μόνος
314 612 386 656 καὶ
414 614 583 670 ταχέως·
598 614 833 671 γέγραπται
861 610 938 668 γὰρ
967 610 1065 668 ὑπὲρ
1099 613 1356 669 πραγμάτων
1386 614 1600 671 μεγάλων,
1624 614 1695 657 καὶ
1733 615 1796 658 σοὶ
1830 612 1921 659 δια·

173 692 383 749 φερόντων,
405 685 560 743 Flor.,
589 700 668 742 xv,
696 698 722 728 2
755 698 766 728 ι
799 679 1026 740 &Quanta
1051 681 1121 727 vis
1145 682 1254 727 fati!
1281 678 1553 729 manaverat
1584 684 1676 730 late
1704 686 1923 746 conjura-

170 760 267 821 tio;
290 761 478 809 libellus
502 761 643 808 etiam
668 758 835 807 Caesari
859 758 999 805 datus
1031 758 1203 805 eodem
1227 759 1322 806 die.
1352 780 1371 801 »
1397 760 1473 807 Sic
1497 762 1642 819 Vell.,
1671 779 1736 820 ιι,
1762 763 1840 822 57.

243 839 666 900 Spurinnamque...
686 836 989 899 proeterc‘clcse.
1016 836 1120 882 Val.
1139 839 1291 905 Max„
1315 854 1411 883 vul
1426 873 1439 896 ,
1466 853 1493 884 2
1521 854 1532 883 :
1553 859 1571 880 α
1589 840 1920 886 Praedixerat...

169 912 459 980 (Spurinna)
493 917 544 962 C.
585 912 779 972 Caesari,
803 921 857 958 ut
891 913 1139 974 proximos
1167 914 1268 959 dies
1297 930 1395 960 xxx
1431 915 1567 977 quasi
1595 916 1757 962 fatales
1780 933 1921 963 cave-

165 1001 264 1051 ret,
288 1008 495 1058 quorum
518 991 711 1037 ultimus
736 998 835 1035 erat
859 989 967 1036 idus
989 990 1181 1036 martiae.
1207 992 1279 1036 Eo
1305 1008 1454 1052 quum
1478 992 1602 1038 forte
1624 1008 1762 1038 mane
1786 1002 1920 1038 uter-

169 1084 266 1128 que
289 1068 340 1114 in
375 1068 571 1114 domum
611 1067 794 1113 Calvini
830 1066 1030 1113 Domitii
1068 1068 1130 1113 ad
1155 1067 1368 1114 officium
1404 1068 1701 1115 convenisset
1720 1106 1734 1128 ‚
1773 1071 1926 1117 Caesar

171 1144 423 1205 Spurinnae
460 1162 471 1190 t
503 1165 523 1186 «
546 1143 737 1206 Ecquid
768 1144 857 1190 scis
891 1143 1070 1206 inquit,
1105 1144 1214 1191 idus
1241 1146 1432 1192 martias
1452 1146 1551 1207 jam
1581 1146 1797 1197 venisse?
1820 1167 1842 1190 n
1866 1149 1926 1194 Et

167 1221 208 1267 is
233 1239 245 1268 τ
270 1242 290 1264 «
314 1223 503 1284 Ecquid
534 1223 646 1281 scis,
668 1222 771 1268 illas
794 1222 1011 1268 nondum
1036 1223 1345 1284 praeteriisse?
1370 1243 1394 1265 n
1423 1224 1678 1285 Abjecerat
1705 1226 1825 1272 alter
1857 1227 1923 1271 ti-

170 1316 380 1359 morem,
416 1310 644 1362 tanquam
683 1310 849 1347 exacto
890 1310 1106 1363 tempore
1140 1312 1361 1364 suspecto
1390 1321 1400 1348 :
1428 1305 1546 1350 alter
1571 1321 1632 1350 ne
1669 1314 1924 1352 extremam

174 1377 370 1437 quidem
394 1377 496 1438 ejus
518 1386 703 1439 partem
730 1378 946 1439 periculo
970 1394 1168 1442 vacuam
1195 1397 1293 1427 esse
1318 1381 1574 1429 arbitratus
1599 1390 1680 1429 est.
1707 1403 1726 1423 υ

243 1457 354 1501 eu».
369 1456 624 1501 Lxxxn.
654 1457 832 1500 Tatius.
850 1455 946 1502 Alii
961 1476 979 1496 «
997 1448 1200 1516 Tullius,
1222 1478 1241 1498 »
1266 1457 1391 1504 inter
1414 1474 1537 1520 quos
1560 1460 1746 1518 Senec„
1769 1461 1923 1522 Epist.

176 1547 365 1577 Lxxxnr
406 1549 416 1577 :
444 1532 666 1578 «Tullius
690 1532 882 1579 Cimber
906 1541 952 1578 et
975 1533 1149 1579 nimius
1173 1543 1272 1580 erat
1295 1534 1346 1580 in
1367 1535 1482 1580 vino
1508 1544 1554 1580 et
1577 1536 1834 1582 scordalus.
1868 1539 1925 1583 In

172 1609 293 1655 hanc
330 1626 432 1656 rem
461 1610 649 1671 jocatus
673 1620 742 1656 est
766 1610 866 1672 ipse
892 1627 903 1655 :
941 1612 1069 1674 Ego,
1105 1611 1288 1674 inquit,
1313 1628 1603 1675 quemquam
1626 1614 1804 1674 feram,
1841 1616 1926 1677 qui

173 1685 338 1733 vinum
361 1688 486 1735 ferre
512 1704 614 1734 non
638 1688 902 1749 possumi‘»

238 1766 286 1810 E
313 1766 503 1813 Cassiis.
532 1766 728 1813 Rectius
753 1787 772 1807 «
791 1783 816 1812 e
841 1766 997 1815 Cascis
1013 1788 1032 1809 ι)
1059 1770 1191 1815 Hase
1214 1770 1459 1829 Beroald.,
1484 1771 1679 1817 Ruhnk.
1705 1780 1752 1818 et
1777 1772 1924 1818 Wolf.

173 1851 363 1889 secutus
389 1859 400 1888 :
426 1852 560 1889 erant
584 1844 682 1889 duo
719 1843 883 1889 Casca:
906 1845 1030 1891 inter
1053 1847 1246 1893 Caesaris
1268 1863 1587 1908 percussores.

238 1923 474 1967 Aversum.
507 1921 583 1967 Sic
606 1921 863 1983 legendum
885 1939 977 1983 pro
1001 1924 1130 1986 vulg.
1159 1927 1406 1971 adver-&um
1440 1926 1584 1971 docet
1607 1927 1875 1986 Baumgart.

236 2006 397 2049 Τέκνον,
427 1998 834 2045 Consuetudinem
870 2001 1023 2046 Caesar
1046 2017 1155 2046 cum
1178 2012 1329 2048 matre
1352 2003 1488 2048 Bruti
1513 2002 1709 2049 Servilia
1735 2003 1926 2049 habue-

169 2082 257 2120 rat.
282 2074 407 2121 Vide
448 2092 591 2138 supra
605 2113 618 2135 ,
645 2093 689 2122 v.
725 2079 881 2136 Quam
918 2078 982 2123 ob
1019 2094 1120 2124 rem
1153 2080 1290 2126 multi
1324 2082 1525 2126 Brutum
1554 2079 1745 2126 Caesaris
1775 2079 1927 2127 filium

170 2152 490 2199 crediderunt.

253 2230 476 2277 Trahere.
495 2228 774 2293 Ignominiae
798 2247 946 2294 genus
968 2233 1062 2278 hoc
1078 2243 1192 2280 erat.
1217 2234 1449 2296 Appian.,
1476 2236 1533 2281 B.
1554 2235 1601 2281 C.
1613 2270 1628 2291 ‚
1649 2251 1713 2294 11,
1734 2250 1782 2296 p.
1805 2232 1896 2281 512
1914 2252 1925 2281 :

173 2312 261 2357 Καὶ
284 2313 361 2372 γὰρ
386 2320 522 2358 ταῦτα
551 2317 595 2358 ἐκ
626 2321 705 2358 τῶν
727 2315 857 2373 νόμων
876 2317 958 2366 τοῖς
979 2318 1183 2375 τυράννοις
1207 2320 1491 2363 ἐπιτέτακται.

239 2384 370 2429 Metu
399 2386 467 2430 M.
495 2387 705 2431 Antonii.
735 2385 967 2446 Appiam,
993 2388 1049 2431 B.
1080 2387 1154 2443 C.‚
1184 2405 1232 2449 p.
1264 2389 1356 2438 503
1393 2406 1405 2434 :
1440 2399 1513 2445 Μὴ
1546 2395 1639 2441 ἀντὶ
1674 2402 1745 2447 τῆς
1787 2395 1927 2448 βουλῆς

170 2474 229 2529 τῷ
254 2464 378 2527 δήμῳ
410 2470 518 2528 μόνῳ
541 2470 762 2529 χρώμενος,
799 2472 1020 2529 δργοὶσαιτό
1049 2489 1090 2514 τι
1118 2469 1248 2516 δεινὸν
1279 2476 1426 2525 αὐτοῖς.

242 2539 424 2599 Lepidi.
457 2539 579 2600 Dio,
616 2556 665 2602 p.
700 2547 796 2602 249
823 2557 835 2586 t
864 2538 967 2591 Επεὶ
1005 2549 1072 2608 ὅγε
1097 2548 1279 2601 Λέπιδος
1317 2552 1654 2612 ἐξιστρατιὺιτο,
1687 2552 1759 2596 καὶ
1799 2554 1837 2596 ἰν
1866 2549 1926 2610 τῷ

172 2624 407 2681 προαστείῳ
422 2621 483 2671 ἦν.

239 2692 352 2738 Cn.
376 2694 654 2750 LXXXIII.
684 2694 868 2740 Socero.
896 2695 1019 2741 Vide
1040 2712 1210 2758 supra,
1244 2713 1344 2743 xxi.

240 2771 478 2817 Lavicano
502 2787 599 2816 suo.
626 2773 683 2819 In
706 2787 821 2834 agro
845 2773 1059 2820 lavicano
1083 2775 1243 2821 villam
1273 2776 1481 2823 habebat
1503 2778 1670 2824 Caesar.

249 2849 431 2910 Virgini
447 2850 640 2895 Vestali.
666 2852 967 2898 Testamenta
986 2851 1037 2897 in
1059 2854 1245 2915 templis
1269 2854 1471 2901 maxime
1501 2858 1656 2902 Vestae
1683 2853 1927 2916 deponere

173 2926 390 2973 solebant
421 2928 639 2975 Romani.
679 2929 916 2975 Plutarch.
951 2928 1002 2975 in
1026 2934 1226 2990 Ancon„
1250 2948 1300 2993 p.
1332 2939 1426 2993 942
1454 2949 1466 2978 τ
1490 2939 1588 3000 napi
1617 2946 1698 2983 τῶν
1724 2931 1926 2982 Ᾰντωνίου

175 3008 381 3059 διαθηκῶν
416 3013 590 3073 ἐγίνοντο
624 3013 799 3073 μηνυταὶ
829 3015 885 3059 τὰ
916 3018 1184 3076 γιγραμμίνα
1211 3013 1461 3074 συνιιὸότις;
1483 3018 1702 3062 ἀπέκειντο
1731 3013 1774 3059 δ’
1800 3010 1924 3060 αὗται

175 3092 293 3151 παρὰ
323 3095 413 3143 ταῖς
441 3094 601 3137 {oraim
625 3095 844 3153 παρθένοις.

248 3163 305 3222 Q.
337 3164 525 3210 Tubero.
549 3163 842 3224 Historicus;
866 3165 1089 3213 laudatur
1115 3182 1142 3213 a
1172 3167 1299 3227 Liv.,
1331 3184 1407 3228 lv,
1432 3168 1519 3228 23,
1542 3177 1589 3215 et
1611 3183 1669 3227 x,
1693 3183 1750 3230 93
1782 3169 1927 3228 Gell.,

175 3254 252 3297 νι,
285 3239 311 3285 3
340 3248 386 3286 et
411 3246 455 3295 l..
473 3240 596 3287 Vide
620 3242 775 3301 Earn,
803 3241 927 3289 Clav.
968 3243 1059 3299 Cic.

244 3316 325 3362 Ex
347 3318 591 3363 dodrante.
633 3318 707 3364 Ad
740 3318 961 3378 verbum,
991 3321 1040 3367 h.
1076 3336 1117 3367 e.
1155 3320 1289 3369 dedit
1326 3322 1416 3369 illis
1454 3339 1626 3370 novem
1651 3322 1927 3371 hereditatis
