2372 3918
401 235 414 262 1
430 218 485 263 52
541 246 545 250 »
1177 221 1368 267 NOTAE

458 316 504 361 C.
530 317 757 361 Memmii.
793 316 916 361 Vide
951 332 1122 377 supra,
1156 333 1295 363 xxm.

457 393 506 437 C.
543 392 697 437 Calvo.
737 392 859 438 Vide
890 408 1057 452 supra,
1086 409 1216 439 xux.

454 469 673 514 Famosa.
705 469 765 516 H.
795 485 834 515 e.
867 470 1056 516 Caesaris
1086 471 1255 515 famam
1278 470 1506 516 laedentia.

461 544 719 591 Versiculis.
751 547 887 603 Quos
909 547 1115 607 reperias
1144 547 1274 608 apud
1306 548 1472 594 Catull.
1487 582 1500 606 ‚
1528 562 1645 592 κιαι
1674 561 1690 593 =

563 671 663 723 Quis
682 671 759 713 hoc
778 679 908 726 potest
925 672 1079 722 videre,
1099 672 1188 725 quis
1210 681 1336 727 potest
1359 673 1463 727 pati,

561 741 650 783 Nisi
667 741 888 796 impudicus
902 772 913 791 ,
937 750 977 782 et
997 755 1117 783 vorax
1129 773 1140 792 ‚
1166 750 1207 783 et
1224 743 1310 793 alep
1323 772 1335 792 ‚

561 813 808 852 Mamurram
827 811 977 852 habere
991 841 1002 860 ‚
1024 810 1133 865 quod
1146 812 1305 852 Comata
1329 812 1459 853 Gallia

560 880 770 930 Habebat,
793 880 905 921 uncti
928 911 940 930 ‚
964 888 1003 921 et
1022 880 1161 921 ultima
1182 880 1401 922 Britannia.

454 997 564 1042 Cn.
587 996 810 1044 LXXIV.
840 999 1048 1042 Piratas.
1078 998 1202 1044 Vide
1226 1014 1396 1058 supra,
1426 1014 1493 1044 ιν.

449 1075 677 1134 Iugulari.
709 1074 856 1119 Vivos
887 1075 1013 1119 cruci
1039 1073 1260 1137 suffigere
1286 1075 1433 1130 moris
1459 1082 1582 1133 erat;
1604 1075 1781 1135 piratas
1809 1075 1960 1121 Caesar
1986 1074 2121 1136 prius

381 1148 595 1213 jugulari
612 1149 771 1209 jussit,
798 1166 968 1211 nempe
997 1160 1051 1195 ut
1073 1152 1228 1197 minus
1253 1152 1476 1198 acerbum
1503 1160 1622 1197 esset
1643 1150 1943 1212 supplicium.

449 1226 685 1286 Phagicoe.
717 1228 763 1271 Is
795 1227 931 1271 Sullae
961 1227 1181 1285 libertus,
1217 1229 1276 1273 de
1311 1244 1410 1289 quo
1433 1243 1576 1288 supra
1603 1244 1637 1272 1.

451 1306 497 1348 A
527 1318 684 1347 manu.
728 1303 788 1349 Η.
827 1319 866 1348 e.
904 1317 1233 1351 amanuensem
1249 1341 1262 1359 ‚
1291 1321 1390 1366 quo
1429 1321 1533 1350 sens
1599 1305 1668 1348 ad
1693 1320 1887 1349 manum
1920 1304 1971 1348 in
2000 1304 2120 1362 Cic„

383 1380 444 1424 de
475 1381 604 1424 Orat.
622 1413 635 1433 ,
664 1395 751 1436 111,
786 1379 849 1424 60
880 1396 892 1424 ε
917 1400 936 1420 «
954 1383 1108 1437 Quem
1134 1398 1321 1427 servum
1342 1383 1419 1427 ille
1443 1382 1532 1428 sibi
1552 1381 1720 1426 habuit
1750 1381 1812 1425 ad
1836 1396 2042 1426 manum.
2066 1401 2087 1422 n

449 1457 626 1501 Puniit.
651 1457 835 1516 Nempe
862 1465 916 1500 ut
946 1473 1045 1501 non
1070 1467 1226 1503 tortus
1252 1459 1430 1518 periret
1460 1476 1472 1503 :
1496 1457 1724 1504 Romanis
1746 1457 1871 1501 enim
1906 1458 1975 1502 fas
1998 1466 2121 1516 erat,

382 1547 542 1578 servos
580 1532 797 1594 torqueri
842 1541 950 1578 ante
984 1534 1290 1596 supplicium,
1329 1535 1369 1580 si
1405 1543 1572 1580 contra
1612 1533 1833 1579 dominos
1867 1534 2118 1594 conspira-

384 1609 574 1655 vissent.

451 1688 507 1732 P.
531 1687 760 1732 Clodium.
793 1687 916 1733 Vide
943 1703 1087 1747 supra
1103 1722 1116 1745 ‚
1136 1704 1209 1733 γι.
1445 1738 1447 1741 r

451 1765 562 1809 Cn».
590 1765 787 1809 LXXV.
827 1764 1113 1822 Deficissent.
1138 1765 1352 1827 Intellige
1383 1766 1467 1826 qui
1500 1781 1606 1811 suas
1633 1774 1792 1825 partes
1834 1766 1983 1810 secuti
2018 1779 2120 1809 non

389 1840 602 1886 fuissent.

450 1919 651 1963 Medios.
676 1919 734 1963 H.
768 1935 811 1963 e.-
843 1919 925 1978 qui
954 1934 1112 1979 neque
1139 1918 1387 1964 Caesariani
1407 1934 1564 1980 neque
1587 1919 1863 1980 Pompeiani
1885 1926 2050 1972 essent.

460 1994 677 2040 Ordines.
712 1995 933 2040 Suhaudi
958 1997 1196 2040 ducendos
1211 2029 1227 2050 ,
1258 1995 1288 2040 i.
1315 2011 1355 2040 e.
1388 2011 1508 2056 quos
1531 1996 1832 2042 centuriones
1862 1996 2052 2041 fecerat.

447 2072 750 2116 Poenitentia.
783 2073 965 2132 Nempe
987 2081 1136 2132 pactae
1170 2071 1471 2117 conditionis.

450 2149 547 2193 Nec
577 2148 666 2192 ulli
683 2148 883 2208 perisse.
919 2148 1015 2193 Cic.
1047 2164 1139 2208 pro
1176 2149 1363 2208 Ligan,
1396 2165 1447 2192 VI
1473 2165 1482 2193 :
1515 2150 1670 2207 «Quis
1699 2165 1798 2193 non
1830 2164 1933 2193 eam
1975 2149 2123 2194 victo-

381 2225 502 2271 riam
532 2226 733 2285 probet,
761 2225 811 2269 in
846 2241 940 2285 qua
960 2225 1189 2271 occiderit
1214 2241 1378 2279 nemo,
1405 2225 1494 2270 nisi
1517 2225 1755 2271 armatus?
1779 2246 1799 2266 »

450 2303 517 2347 Ec
540 2303 726 2346 Fausto.
779 2303 965 2347 Auctor
1008 2304 1130 2346 Bell.
1176 2301 1357 2361 Afric.,
1386 2318 1479 2346 xcv
1519 2318 1531 2347 ε
1564 2323 1586 2344 «
1607 2302 1772 2348 Paucis
1800 2311 1912 2362 post
1954 2303 2122 2349 diebus

383 2378 670 2425 dissensione
694 2378 743 2422 in
768 2378 979 2423 exercitu
1005 2387 1102 2425 orta
1121 2413 1134 2436 ,
1160 2379 1361 2423 Faustus
1382 2379 1679 2424 ebAfranius
1716 2377 2083 2424 interficiuntur.
2102 2401 2121 2422 ι,

446 2459 499 2504 L.
539 2457 727 2502 Caesare
730 2455 913 2512 juvene.
938 2455 1082 2500 Filius
1106 2464 1205 2500 erat
1235 2457 1288 2499 L.
1322 2456 1538 2514 Caesaris,
1567 2455 1708 2519 legati
1740 2457 1789 2501 C.
1816 2456 2027 2513 Caesaris,
2062 2456 2121 2501 de

382 2534 516 2593 cujus
543 2542 670 2579 sorte
708 2533 832 2578 inter
860 2548 907 2578 se
936 2541 1153 2577 auctores
1189 2547 1289 2576 non
1321 2532 1635 2578 consentiunt.
1670 2533 1794 2577 Vide
1830 2540 1952 2577 auct.
1995 2534 2115 2578 Bell.

381 2609 558 2669 Afric„
592 2622 775 2655 Lxxx1x
830 2611 1006 2667 onu.,
1035 2624 1184 2666 xmu,
1218 2605 1326 2668 219.

450 2691 603 2748 Atque
641 2686 873 2746 Pompeii.
914 2686 1179 2742 Plutarch,
1214 2685 1432 2745 Apoph„
1466 2701 1514 2745 p.
1553 2683 1646 2730 205
1683 2701 1694 2729 :
1731 2684 1834 2736 fimi
1867 2689 1916 2735 δὲ
1955 2693 2118 2749 Καῖσαρ

383 2773 591 2830 κρατήσας
616 2772 689 2820 τὰς
716 2769 929 2828 Πομπηΐου
953 2767 1320 2827 καταῧεῧλημένας
1339 2771 1490 2819 εἰκόνας
1522 2771 1723 2816 ἀνέστησε
1748 2771 1856 2828 μετὰ
1879 2754 2020 2828 τίμῆς,
2047 2771 2118 2826 ἔφη

384 2848 477 2907 περὶ
511 2851 634 2892 αὐτοῦ
658 2850 782 2905 λέγων
809 2850 828 2890 ὅ
860 2849 1039 2906 Κικέρων
1067 2848 1127 2890 ὅτι
1154 2852 1223 2889 τοῦ
1255 2846 1470 2905 Πομπηΐου
1504 2849 1669 2905 Καῖσαρ
1708 2847 1822 2897 ἱστὰς
1858 2843 2121 2905 ἀνδριάντας,

386 2926 459 2975 τὰς
488 2928 631 2968 ἑαυτοῦ
658 2926 847 2982 πήγνυσι.
1984 2976 1987 2977 ⁷

454 3006 670 3051 Coecinoe.
711 3007 965 3050 Burmann.
1009 3005 1135 3049 hunc
1171 3006 1538 3050 Volaterranum
1566 3021 1662 3051 esse
1698 3014 1862 3066 putat,
1892 3019 1985 3065 pro
2017 3019 2115 3065 quo

390 3082 556 3128 Cicero
585 3082 847 3127 orationem
867 3081 1050 3126 habuit.
1074 3083 1255 3126 Ernest.
1289 3081 1495 3127 incertus
1521 3089 1601 3127 est.

456 3160 607 3205 Libro.
627 3159 750 3205 Vide
774 3161 900 3216 C1c.,
932 3159 1086 3218 Epist.
1117 3158 1187 3202 ad
1210 3160 1343 3202 Fam.
1360 3191 1375 3212 ‚
1407 3156 1509 3204 5-8.

453 3236 678 3280 Pitholai.
703 3238 774 3280 De
795 3236 887 3280 hoc
910 3235 1122 3279 Macrob.
1138 3269 1150 3291 ,
1179 3233 1359 3278 Satur-n.
1388 3250 1450 3292 11,
1477 3249 1519 3279 2.
