2372 3918
980 274 1277 321 TIBERIUS.
1907 294 1924 323 ι
1935 276 1995 322 35

281 378 432 434 tinua
470 379 716 435 oratione
757 375 1010 434 blandius
1052 376 1120 435 de
1152 397 1209 434 se
1241 377 1538 451 diceretur,
1571 401 1682 436 non
1719 381 1999 438 dubitaret

282 476 660 557 interpellare,
696 497 761 536 ac
803 476 1231 555 reprehendere,
1258 490 1314 535 et
1346 490 1686 536 commutare
1715 483 1996 538 continuo.

282 580 559 636 Dominus
585 575 889 655 appellatus
921 597 954 634 a
984 576 1225 654 quodam
1242 621 1259 651 ,
1286 578 1669 652 denunciavit,
1702 599 1771 635 ne
1800 600 1858 635 se
1885 601 2000 637 am·

282 676 424 754 plius
444 674 787 735 contumeliae
811 697 976 734 causa
1003 679 1330 735 nominaret.
1354 677 1537 736 Alium
1559 677 1861 750 dicentem,
1885 704 1913 733 α
1928 699 2004 735 sa-

278 797 398 834 cras
435 778 552 855 ejus
587 778 1048 855 occupationeS,»
1089 789 1146 834 et
1183 799 1375 836 rursus
1410 777 1609 852 alium,
1639 803 1666 832 α
1688 790 1915 835 auctore
1939 798 2004 834 eo

280 889 530 935 senatum
578 897 637 934 se
682 877 892 951 adisse,
925 902 951 931 ι)
998 879 1165 936 verba
1213 891 1461 950 mutare,
1508 890 1563 936 et
1600 900 1704 957 pro
1743 890 2002 947 auctore,

278 997 561 1035 suasorem
578 1000 602 1048 ,·
630 998 732 1056 pro
757 980 936 1036 sacris
952 1022 968 1051 ,
998 978 1303 1037 laboriosas
1330 979 1511 1036 dicere
1537 980 1732 1057 coegit.

355 1081 612 1147 XXVIII.
641 1078 749 1136 Sed
773 1091 829 1136 et
851 1079 1110 1137 adversus
1139 1080 1386 1137 convicia
1414 1079 1699 1156 malosque
1725 1100 2004 1151 rumores,

277 1191 332 1236 et
357 1178 562 1236 famosa
588 1178 658 1236 de
680 1200 737 1236 se
759 1201 824 1237 ac
848 1182 960 1237 suis
988 1182 1233 1237 carmina
1250 1224 1267 1253 ,
1299 1180 1489 1237 firmus
1522 1201 1586 1236 ac
1615 1181 1854 1258 patiens,
1876 1180 2007 1235 sub·

280 1278 407 1336 inde
445 1280 718 1357 jactabat,
764 1306 791 1333 «
823 1282 876 1337 in
918 1282 1141 1337 civitate
1172 1280 1344 1338 libera
1378 1279 1624 1359 linguam
1657 1292 2008 1357 mentemque

281 1380 477 1437 liberas
507 1402 622 1437 esse
654 1380 870 1438 debere.
897 1407 923 1435 »
956 1385 1027 1438 Et
1053 1381 1366 1459 quondam,
1404 1393 1596 1437 senatu
1632 1381 2006 1458 cognitionem

282 1481 349 1537 de
365 1482 636 1558 ejusmodi
657 1483 980 1538 criminibus
1002 1503 1065 1538 ac
1088 1484 1194 1538 reis
1222 1481 1505 1558 flagitante
1521 1524 1537 1553 ,
1568 1506 1595 1534 «
1611 1484 1742 1538 Non
1763 1492 1977 1536 tantum
1994 1523 2007 1550 ,

280 1583 492 1658 inquit,
525 1584 621 1637 otii
653 1582 944 1654 habemuS,
970 1596 1030 1638 ut
1055 1582 1335 1659 implicare
1363 1603 1464 1638 nos
1495 1579 1749 1659 pluribus
1778 1581 2010 1658 negotiis

280 1682 590 1738 debeamus.
620 1682 676 1736 Si
705 1682 844 1738 hanc
865 1682 1161 1737 fenestram
1186 1683 1545 1758 aperueritis,
1576 1680 1714 1737 nihil
1743 1680 1893 1737 aliud
1922 1683 2010 1757 agi

279 1783 465 1838 sinetis
505 1804 518 1837 z
563 1783 812 1837 omnium
849 1782 1146 1838 inimicitiae
1182 1783 1287 1838 hoc
1324 1794 1590 1859 praetextu
1626 1782 1695 1837 ad
1729 1803 1829 1837 nos
1864 1782 2012 1837 defe-

280 1895 484 1939 rentur.
510 1907 537 1935 »
569 1885 760 1940 Exstat
791 1896 847 1938 et
875 1903 1056 1939 sermo
1090 1884 1207 1960 ejus
1241 1885 1296 1940 in
1334 1896 1527 1940 senatu
1561 1883 1874 1960 percivilis:
1907 1909 1932 1935 «
1955 1884 2012 1939 Si

278 1982 500 2059 quidem
529 1982 742 2038 locutus
775 1983 935 2039 aliter
960 1984 1157 2056 fuerit,
1185 1984 1330 2040 dabo
1361 2004 1588 2062 operam
1605 2028 1621 2058 ,
1653 1996 1713 2040 ut
1739 1985 2011 2040 rationem

279 2085 546 2142 factorum
581 2105 834 2141 meorum
871 2074 1256 2162 dicturumque
1298 2084 1526 2142 reddam
1572 2108 1583 2141 :
1620 2087 1663 2142 si
1704 2105 2016 2163 persevera-

280 2187 449 2260 verit,
477 2187 711 2244 invicem
742 2207 867 2242 eum
902 2186 1089 2242 odero.
1118 2210 1144 2238 n

359 2289 564 2345 XXIX.
601 2291 782 2364 Atque
815 2287 931 2342 haec
972 2306 1038 2341 eo
1074 2284 1348 2342 nobiliora
1385 2298 1579 2359 erant,
1622 2286 1771 2363 quod
1812 2287 1924 2364 ipse
1959 2289 2014 2342 in

281 2386 620 2465 appellandis
639 2386 1079 2463 venerandisque
1100 2398 1156 2442 et
1175 2384 1406 2464 singulis
1418 2430 1433 2459 ,
1451 2398 1507 2442 et
1524 2387 1792 2443 universis
1804 2432 1819 2460 ,
1843 2406 2017 2465 prope

281 2500 587 2545 excesserat
627 2487 987 2543 humanitatis
1029 2486 1272 2543 modum.
1310 2487 1654 2543 Dissentiens
1696 2489 1751 2544 in
1791 2488 1945 2543 curia
1983 2509 2015 2543 a

281 2590 354 2661 Q.
383 2589 643 2660 Haterio,
670 2612 697 2640 α
718 2591 975 2666 Ignoscas
993 2633 1008 2656 ,
1042 2588 1253 2664 inquit,
1290 2608 1427 2665 rogo
1446 2631 1461 2659 ,
1499 2590 1541 2644 si
1583 2587 1716 2665 quid
1754 2587 2016 2644 adversus

282 2704 335 2747 te
369 2689 592 2747 liberius
614 2733 629 2762 ,
657 2690 800 2747 sicut
823 2703 1074 2762 senator,
1106 2688 1316 2746 dixero,
1342 2713 1370 2741 ³>
1399 2692 1471 2746 Et
1501 2690 1629 2746 inde
1657 2710 1848 2746 omnes
1886 2688 2018 2745 allo-

281 2811 455 2867 quens
486 2812 499 2846 :
534 2813 559 2841 α
581 2791 711 2847 Dixi
743 2802 799 2845 et
835 2810 1014 2861 nunc,
1045 2801 1100 2845 et
1126 2809 1267 2866 saepe
1296 2789 1463 2862 aliaS,
1498 2793 1556 2846 P.
1590 2794 1685 2863 C.,
1719 2790 1926 2846 bonum
1962 2800 2017 2844 et

282 2890 576 2947 salutarem
615 2889 951 2967 principem,
991 2909 1155 2965 quem
1188 2909 1285 2946 vos
1314 2901 1467 2946 tanta
1493 2902 1548 2946 et
1577 2902 1688 2946 tam
1717 2889 1889 2946 libera
1923 2910 2016 2966 po·

224 3003 226 3005 ’
283 3002 474 3047 testate
509 2991 837 3047 instruxistis
856 3033 872 3062 ,
903 2989 1115 3045 senatui
1151 2990 1359 3045 servire
1393 2988 1596 3046 debere
1615 3033 1630 3062 ,
1661 3001 1719 3046 et
1746 2990 2014 3046 universis

281 3092 489 3149 civibus
524 3111 698 3168 saepe,
744 3103 798 3147 et
841 3090 1167 3168 plerumque
1206 3090 1371 3145 etiam
1410 3089 1637 3168 singulis
1678 3113 1691 3147 :
1737 3110 1917 3166 neque
1960 3089 2012 3146 id

281 3193 479 3249 dixisse
519 3212 606 3248 me
646 3192 903 3268 poenitet,
947 3205 999 3248 ct
1041 3192 1215 3249 bonos
1255 3203 1309 3248 et
1345 3211 1528 3268 aequos
1560 3203 1612 3247 et
1646 3191 1890 3246 faventes
1919 3212 2013 3246 vos

282 3292 446 3349 habui
481 3290 761 3363 dominOS,
795 3303 849 3347 et
876 3290 1055 3349 adhuc
1085 3292 1281 3349 habeo.
1311 3318 1336 3344 »
