2372 3918
401 290 418 319 1
430 271 488 320 56
1061 279 1110 324 C.
1144 277 1427 325 SUETONII

396 377 582 435 eadem
615 392 1009 455 contemneret,
1040 395 1094 439 et
1123 383 1392 461 proferret
1423 380 1593 454 ultr0,
1623 391 1785 458 atque
1822 378 2084 458 vulgaret.
2122 368 2127 376 ”

396 477 549 549 Quin
572 489 624 534 et
641 480 935 553 Artabani,
965 472 1292 539 Parthorum
1313 482 1481 560 regiS,
1507 478 2086 547 laceratusestlitteris,
2365 511 2372 578 3

396 577 688 652 parricidia
719 589 773 635 et
797 577 964 634 caedes
997 590 1053 635 et
1082 579 1352 657 ignaviam
1375 593 1429 636 et
1460 578 1732 636 luxuriam
1761 576 2089 653 objicientiS‚
2363 606 2372 670 ί

398 678 799 754 monentisque,
819 689 881 733 ut
900 676 1209 736 voluntaria
1228 691 1404 736 morte
1430 679 1666 735 maximo
1683 676 2092 755 justissimoque
2366 744 2372 772 1

397 773 595 850 civium
622 775 747 832 odio
781 777 1183 854 quamprimum
1207 777 1550 834 satisfaceret.
2359 778 2372 827 i

480 874 702 929 LXVII.
745 876 1027 931 Postremo
1063 877 1345 954 semetipse
1382 887 1639 953 pertaesus
1659 917 1674 948 ,
1714 874 1809 932 tali
1855 872 2092 951 epistolae
2363 940 2372 972 ἔ

399 971 666 1047 principio
701 984 915 1030 tantum
946 994 1057 1031 non
1098 995 1364 1031 summam
1401 974 1672 1031 malorum
1712 994 1935 1031 suorum
1969 993 2095 1049 pro·
2364 984 2372 1017 f

399 1069 566 1126 fessus
595 1083 710 1127 est:
740 1073 935 1147 «Quid
968 1075 1198 1131 scribam
1237 1076 1416 1147 vobiS,
1444 1087 1624 1153 patres
1658 1075 1978 1151 conscripti,
2003 1084 2096 1129 aut
2356 1072 2369 1169 ἕ

399 1170 674 1243 quomodo
702 1173 959 1242 scribam,
986 1185 1081 1229 aut
1112 1174 1243 1250 quid
1277 1176 1501 1230 omnino
1536 1195 1649 1230 non
1686 1174 1953 1245 scribam,
1988 1172 2095 1227 hoc

398 1279 671 1343 tempore,
701 1269 774 1325 dii
802 1292 888 1326 me
918 1270 1137 1348 deaeque
1167 1274 1320 1349 pejus
1354 1272 1586 1349 perdant
1605 1315 1620 1343 ,
1652 1292 1815 1348 quam
1855 1270 2096 1346 quotidie

399 1367 576 1440 perire
598 1369 772 1423 sentio
785 1412 798 1436 ,
817 1370 860 1423 si
882 1370 1008 1426 sci0.
1024 1394 1051 1422 >³
1079 1372 1407 1427 Existimant
1421 1369 1670 1446 quidam,
1683 1370 1960 1447 praescisse
1980 1370 2095 1425 haec

399 1483 524 1518 eum
553 1466 748 1540 peritia
772 1465 1084 1523 futurorum
1108 1490 1120 1523 ε
1141 1489 1203 1524 ac
1231 1467 1406 1524 multo
1435 1481 1585 1540 ante,
1616 1480 1821 1544 quanta
1851 1488 1906 1523 se
1929 1487 2099 1544 quan-

398 1562 576 1638 doque
607 1565 869 1622 acerbitas
899 1579 952 1622 et
985 1567 1207 1625 infamia
1239 1579 1516 1641 maneret,
1546 1569 1917 1645 prospexisse3
1946 1566 2095 1622 ideo-

399 1682 535 1736 que,
563 1675 626 1719 ut
658 1664 946 1742 imperium
973 1667 1185 1740 inierit,
1211 1680 1267 1722 et
1297 1687 1497 1724 PATms
1527 1688 1749 1724 PATRIAE
1782 1664 2098 1743 appellatio-
2129 1687 2135 1706 τ

397 1781 522 1816 nem
539 1803 555 1833 ,
590 1774 670 1833 et,
699 1784 768 1819 ne
797 1765 853 1820 in
886 1778 1007 1821 acta
1038 1786 1136 1821 sua
1159 1766 1454 1842 juraretur,
1483 1766 1902 1822 obstinatissime
1936 1785 2095 1819 recu·

399 1880 570 1932 sasse,
601 1882 669 1918 ne
699 1883 826 1919 mox
858 1862 1063 1941 majore
1097 1864 1360 1921 dedecore
1390 1867 1566 1943 impar
1597 1866 1764 1921 tantis
1797 1863 2097 1919 honoribus

397 1959 752 2017 inveniretur.
796 1963 962 2035 Quod
1003 1985 1131 2021 sane
1169 1977 1224 2021 et
1259 1986 1325 2021 ex
1363 1966 1608 2022 oratione
1652 1965 1794 2041 ejus,
1834 1983 1998 2040 quam
2033 1961 2098 2017 de

400 2069 628 2136 utraque
663 2082 721 2117 re
750 2062 967 2134 habuit,
994 2062 1177 2141 colligi
1210 2077 1425 2141 potest:
1448 2063 1534 2120 vel
1564 2085 1735 2140 quum
1761 2064 1869 2134 ait,
1898 2063 2098 2119 «Simi-

397 2155 504 2212 lem
555 2179 611 2214 se
651 2180 865 2238 semper
903 2163 987 2217 sui
1030 2162 1302 2235 futurum,
1341 2184 1442 2219 nec
1480 2184 1723 2240 unquam
1760 2173 2099 2218 mutaturum
2131 2237 2138 2244 ,

397 2277 574 2314 mores
606 2279 758 2333 suos,
788 2261 1051 2338 quamdiu
1086 2284 1227 2319 sanae
1253 2265 1449 2319 mentis
1481 2264 1670 2320 fuisset
1703 2285 1716 2320 z
1745 2263 1839 2320 sed
1868 2261 2099 2339 exempli

395 2375 558 2412 causa
587 2358 891 2415 cavendum
920 2381 1065 2435 esse,
1100 2382 1170 2419 ne
1200 2382 1257 2419 se
1286 2374 1504 2419 senatus
1537 2363 1594 2418 in
1625 2375 1744 2419 acta
1776 2363 2099 2439 cujusquam
2134 2433 2138 2437 1

396 2454 684 2534 obligaret,
715 2460 810 2534 qui
850 2458 1036 2537 aliquo
1075 2482 1203 2518 casu
1239 2463 1439 2518 mutari
1476 2473 1721 2539 posset.»
1759 2465 1832 2519 Et
1868 2482 2096 2518 rursus:

394 2555 732 2630 «Siquando
753 2570 962 2627 autem,
993 2560 1174 2634 inquit
1192 2603 1207 2631 ,
1239 2559 1306 2615 de
1330 2560 1579 2617 moribus
1598 2561 1758 2632 meis,
1790 2560 2099 2637 devotoque
2140 2568 2143 2571 '

390 2653 545 2708 vobis
563 2655 745 2710 animo
762 2655 1133 2713 dubitaveritis
1157 2657 1329 2736 (quod
1344 2660 1664 2735 priusquam
1688 2660 1924 2731 eveniat,
1948 2671 2097 2736 opt0‚

391 2763 454 2805 ut
481 2773 565 2806 me
587 2773 871 2829 supremus
900 2754 1012 2811 dies
1032 2756 1162 2812 huic
1181 2769 1404 2814 mutatae
1427 2771 1620 2814 vestrae
1645 2757 1712 2814 de
1739 2778 1827 2814 me
1854 2759 2099 2835 opinioni

390 2849 652 2927 eripiat),
687 2850 823 2907 nihil
854 2853 1080 2910 honoris
1109 2854 1326 2931 adjiciet
1358 2857 1494 2912 mihi
1528 2877 1730 2914 PATRIS
1758 2877 1981 2914 PATRIAE
2002 2877 2098 2932 ap-

386 2946 634 3024 pellati03
662 2950 815 3006 vobis
840 2963 1024 3007 autem
1047 2954 1402 3031 exprobrabit
1430 2967 1525 3011 aut
1549 2957 1912 3012 temeritatem
1934 2955 2097 3011 delati

386 3047 520 3103 mihi
541 3048 655 3123 ejus
672 3050 1010 3132 cognominis
1019 3093 1037 3124 ,
1064 3062 1160 3108 aut
1180 3053 1605 3110 inconstantiam
1634 3056 1894 3111 contrarii
1922 3054 1989 3110 de
2012 3075 2097 3109 me

383 3144 593 3220 judicii.
616 3170 643 3198 ))

465 3246 715 3301 LXVIII.
762 3250 1008 3323 Corpore
1036 3248 1141 3303 fuit
1168 3248 1349 3326 amplo
1374 3263 1537 3327 atque
1563 3253 1822 3308 robusto:
1851 3262 2059 3307 statura
2078 3295 2093 3323 ,
2115 3240 2129 3249 '¹
