2372 3918
359 280 457 333 ⁴264
1131 275 1320 323 NOTAE

433 378 491 419 In
525 370 703 419 Sicilia.
738 371 937 419 Addidit
966 373 1014 418 in
1050 372 1242 430 Sicilia,
1270 373 1493 435 quoniam
1516 374 1677 419 Romae
1711 375 1848 421 etiam
1885 378 2079 423 Veneris

363 450 575 511 Erycinae
608 451 835 510 templum
863 458 977 496 erat.

431 538 734 597 Proefatione.
761 538 830 583 Cf.
864 541 993 596 va.,
1020 555 1035 583 1
1055 574 1069 597 ‚
1091 545 1182 593 24.

433 626 537 670 Cu».
572 626 749 669 XXVI.
785 626 1079 686 Proneptem.
1106 624 1270 670 Filiam
1302 626 1464 683 Juliae,
1495 625 1650 685 neptis
1684 628 1892 688 Augusti.

438 700 758 759 Offeqderunt.
794 703 930 747 Pater
961 702 1176 747 AEmilius
1210 702 1537 761 conjuratione
1578 703 1627 746 in
1665 706 1953 765 Augustum,
1986 705 2085 748 ma-

359 787 439 822 ter
466 776 591 823 Julia
613 777 720 822 vitae
743 778 1056 837 turpitudine.

431 862 621 921 Affecit.
646 867 690 908 A
723 864 919 909 tribuno
953 860 1003 909 in
1025 865 1174 910 hortis
1197 865 1506 924 Lucullianis,
1540 875 1658 911 auct.
1685 866 1855 923 Tacit„
1880 870 2050 913 Annal.
2066 902 2080 921 ,

366 956 441 998 xi,
467 930 532 997 ¹37
562 951 607 986 et
640 942 701 988 38
727 957 738 986 ε
769 961 793 982 α
816 943 951 987 Tunc
983 942 1186 1001 primum
1216 943 1455 987 fortunam
1485 960 1617 989 suam
1643 943 1949 1004 introspexit,
1982 944 2081 988 ser-

367 1033 570 1078 rumque
601 1018 802 1077 accepit,
837 1017 970 1079 quod
1003 1018 1175 1063 frustra
1202 1005 1368 1079 jugulo
1393 1033 1447 1063 ac
1478 1018 1660 1078 pectori
1689 1034 1776 1079 per
1806 1018 2086 1079 trepidatio-

365 1110 473 1138 nem
508 1095 788 1151 admovens,
811 1095 910 1139 ictu
941 1093 1120 1162 trilJuni
1156 1093 1456 1155 transfigitur.
1478 1115 1497 1135 »

437 1183 798 1227 Condc‘tiombus.
835 1183 894 1226 H.
931 1198 968 1226 e.
1000 1180 1320 1226 matrimoniis.

439 1269 777 1331 Conjugiorum.
817 1268 990 1326 Tacit„
1029 1271 1224 1323 Annal„
1259 1285 1364 1325 xix,
1411 1286 1435 1326 7
1475 1286 1485 1313 :
1522 1289 1546 1311 α
1570 1270 1790 1314 Senatum
1824 1270 2086 1335 ingressus,

369 1348 606 1392 decretum
637 1347 844 1405 postulat
863 1361 961 1405 quo
985 1345 1122 1403 justae
1148 1345 1271 1390 inter
1295 1355 1493 1405 patruos
1520 1346 1808 1406 fratrumque
1842 1345 1958 1392 filias
1989 1364 2085 1392 nu—

368 1423 475 1482 ptiae
496 1422 634 1467 etiam
664 1423 713 1467 in
735 1431 977 1482 posterum
1003 1430 1333 1467 statuerentur.
1353 1442 1372 1461 »

435 1509 535 1555 Nec
571 1512 775 1569 repertis.
811 1509 933 1554 lbid.
971 1527 1032 1552 :ce
1049 1511 1213 1569 Neque
1248 1519 1402 1553 tamen
1439 1518 1656 1569 repertus
1688 1519 1781 1567 est,
1821 1509 1909 1555 nisi
1938 1526 2087 1568 unus,

368 1587 474 1632 talis
506 1586 795 1631 matrimonii
831 1586 1033 1646 cupitor,
1068 1588 1122 1631 T.
1153 1585 1367 1631 Alledius
1394 1587 1620 1643 Severus,
1661 1603 1804 1647 eques
1836 1603 2088 1644 romanus,

370 1679 509 1723 quern
531 1663 750 1724 plerique
775 1663 1050 1724 Agrippinae
1081 1662 1230 1723 gratia
1254 1661 1507 1731 impulsum
1530 1663 1757 1707 ferebant.
1777 1683 1797 1704 »

438 1751 545 1796 Car.
579 1751 782 1796 XXVII.
814 1752 1182 1811 Desponsatam.
1208 1749 1276 1794 Cf.
1311 1751 1478 1794 Tacrr.
1496 1784 1509 1807 ,
1542 1751 1746 1803 Annal„
1771 1764 1870 1806 ΧΠ,
1895 1749 1939 1794 3.

431 1839 701 1899 Adoptavit.
731 1840 789 1883 A.
816 1839 876 1884 U.
914 1838 1022 1883 803.
1054 1837 1231 1894 Tacit.,
1254 1838 1284 1880 l.
1311 1853 1377 1893 c.,
1406 1835 1464 1881 25
1489 1853 1501 1880 :
1528 1857 1546 1877 c<
1565 1838 1615 1882 C.
1638 1836 1871 1894 Antistio,
1893 1839 1958 1881 M.
1984 1837 2087 1882 Sui-

367 1914 433 1958 lio
464 1930 580 1960 coss.
594 1950 607 1972 ‚
636 1914 834 1975 adoptio
857 1914 907 1958 in
922 1912 1203 1971 Domitium,
1219 1913 1497 1976 auctoritate
1522 1913 1764 1970 Pallantis,
1788 1913 2045 1958 festinatur.
2061 1935 2083 1953 n

434 2005 541 2048 Cn.
567 2004 797 2048 XXVIII.
823 2004 1032 2047 Posides.
1054 2005 1127 2047 De
1158 2018 1256 2062 quo
1286 2003 1498 2046 Juvenal.
1518 2036 1532 2058 ‚
1565 2010 1647 2046 sat.
1682 2016 1791 2057 xiv,
1824 2017 1883 2061 91
1913 2017 1924 2045 ε

602 2147 657 2184 Ut
678 2144 799 2197 spado
824 2145 1004 2185 vincebat
1027 2144 1220 2198 Capitolia
1245 2152 1378 2183 nostra
1401 2143 1572 2182 Posides.

439 2284 591 2326 Hasta
606 2299 750 2342 pura.
781 2283 839 2327 H.
876 2298 916 2328 e.
939 2282 1040 2327 sine
1061 2282 1202 2326 ferro.
1237 2280 1314 2327 Sic
1343 2281 1506 2342 Virg.‚
1536 2283 1743 2336 AEneicl.,
1771 2297 1848 2338 vr,
1886 2282 1979 2340 760
2006 2298 2018 2327 ε

542 2430 632 2478 Ille,
658 2429 764 2469 vides
779 2460 789 2477 ‚
813 2443 910 2483 pura
930 2428 1085 2483 juvenis
1110 2427 1179 2482 qui
1203 2428 1343 2469 nititur
1364 2428 1490 2468 hasta.

371 2571 439 2616 Cf.
466 2570 609 2614 Smw.
635 2569 695 2614 ad
716 2570 763 2613 h.
795 2570 824 2613 l.
1524 2605 1527 2609 .

432 2646 652 2690 Felicem.
676 2646 775 2701 Qui
800 2645 890 2689 fuit
918 2643 1138 2688 Pallantis
1160 2644 1317 2687 frater.
1346 2643 1415 2687 Cf.
1439 2645 1478 2687 T
1481 2658 1629 2697 ωιτη,
1651 2644 1851 2694 AmeaL,
1881 2657 1951 2686 111
1968 2675 1980 2696 ‚
2005 2641 2081 2695 54.

441 2722 597 2765 Trium
643 2723 923 2780 reginarum?
969 2721 1007 2763 E
1054 2720 1227 2779 quibus
1274 2719 1378 2764 duae
1422 2719 1614 2764 fuerunt
1666 2718 1905 2774 Drusillae,
1942 2720 2085 2762 altera

368 2800 435 2843 M.
462 2797 657 2841 Antonii
686 2796 919 2842 triumviri
957 2805 1003 2841 et
1038 2798 1297 2857 Cleopatrae
1336 2797 1515 2856 neptis;
1557 2798 1702 2841 altera
1738 2795 1900 2841 Judaea
1946 2810 2085 2840 soror

369 2874 615 2935 Agrippae3
641 2875 778 2935 tertia
797 2875 1057 2935 ignoratur.
1083 2875 1278 2934 Reginoe
1300 2882 1544 2929 vocantur,
1571 2890 1669 2918 non
1693 2872 1827 2932 quod
1855 2871 1981 2933 regia
2002 2873 2083 2915 di-

369 2951 544 3011 gnitate
567 2950 678 3011 ipsae
702 2951 986 3010 gauderent,
1014 2950 1097 2995 sed
1134 2949 1268 3010 quod
1290 2965 1455 3010 regum
1478 2957 1628 2994 essent
1650 2957 1823 3007 neptes*
1838 2948 1911 2992 vel
1933 2946 2050 2991 filiae.

436 3041 697 3097 Arpocran.
723 3037 875 3096 Hujus
896 3037 1106 3082 meminit
1130 3039 1309 3082 Seneca
1333 3036 1381 3080 in
1416 3031 1598 3099 Apol-2,
1623 3052 1671 3096 p.
1699 3035 1792 3081 838
1818 3051 1828 3078 :
1859 3054 1878 3073 α
1895 3036 2083 3079 Conva—

370 3114 561 3160 luerunt
583 3114 787 3174 primum
805 3115 1016 3159 omnium
1039 3113 1197 3158 liberti
1219 3113 1440 3173 Polybius
1453 3147 1466 3168 ,
1492 3115 1665 3173 Myron
1687 3121 1734 3156 et
1759 3112 2038 3170 Harpocras.
2057 3130 2082 3151 >›

438 3191 699 3249 Polybium.
717 3195 868 3249 Quem
891 3180 1066 3236 Seneca
1088 3190 1138 3234 in
1161 3199 1314 3252 morte
1336 3189 1494 3234 fratris
1515 3190 1780 3234 consolatus
1806 3196 1886 3232 est.
1907 3185 2080 3243 Quanti

371 3264 496 3311 hunc
524 3267 748 3312 Claudius
773 3268 937 3312 fecerit
968 3268 1108 3311 docet
1130 3267 1225 3312 Dio
1241 3301 1254 3323 ,
1285 3282 1371 3322 tx,
1401 3281 1446 3325 p.
1473 3265 1583 3318 684.
