2372 3918
747 295 814 340 IN
852 293 992 339 OCT.
1024 292 1396 339 AUGUSTUM.
1859 296 1947 353 173

198 400 268 443 καὶ
297 401 339 443 ἐκ
367 405 444 442 τῶν
472 399 744 457 ἐξελευθέρων,
770 399 883 446 ὅσους
914 392 1083 442 ἐδυνήθη
1103 428 1115 448 ,
1146 395 1337 445 κατέλεξα
1355 428 1366 446 ,
1401 395 1471 437 καὶ
1512 396 1618 445 εὐθὺς
1652 394 1815 456 σπουδῇ
1842 400 1949 457 μετὰ

198 483 267 519 τοῦ
289 474 472 535 Τιῧιρίου
499 479 539 527 ἐς
561 478 633 525 τὴν
660 473 1082 534 Γιρμανίανᾼῖπιμψι.

270 549 488 593 Indictos.
525 547 765 610 Intellige,
800 560 952 607 quum
989 543 1259 601 indixisset,
1308 558 1392 588 seu
1434 544 1791 605 praescripsisset
1829 557 1951 608 quot

198 640 397 670 numero
421 624 591 671 milites
615 624 674 670 de
702 622 846 669 servis
869 622 965 668 suis
989 621 1180 678 darent,
1211 628 1266 665 ut
1291 621 1481 684 Veget.,
1516 620 1601 666 ubi
1627 636 1760 682 sup.,
1787 639 1805 668 1
1822 658 1834 680 ‚
1873 641 1898 682 7
1937 643 1947 675 :

198 722 216 742 «
235 704 361 747 Dum
384 701 740 763 possessoribus
766 698 936 745 indicti
958 699 1152 744 tirones.
1180 717 1199 739 υ

268 780 360 825 Sub
389 782 551 844 priore
571 779 766 825 vexillo.
805 778 879 823 De
907 776 1185 834 vexillariis,
1209 775 1319 821 vide
1344 777 1582 834 Eunus-r„
1612 777 1675 823 ad
1697 778 1872 835 Tacit.,
1907 788 1954 823 et

197 859 343 904 simu.
362 894 376 915 ,
399 860 460 903 de
493 859 561 904 Re
583 857 752 911 milit„
787 871 827 902 c.
851 871 966 913 x1x,
1000 855 1050 900 in
1092 856 1227 901 Thes.
1258 856 1443 911 Groev.‚
1469 865 1502 901 t.
1527 871 1585 914 x,
1617 871 1667 917 p.
1699 862 1839 914 1427.

268 936 512 998 Caligatts.
541 935 601 985 H.
627 950 666 980 e.
692 932 918 996 gregariis
939 932 1183 979 militibus.

269 1013 478 1059 Coeruleo
509 1013 706 1058 vexillo.
742 1013 848 1058 Hoc
878 1011 1055 1057 vexillo
1090 1011 1154 1057 ob
1192 1010 1442 1056 victoriam
1472 1027 1573 1057 non
1611 1011 1838 1069 siculam,
1869 1011 1953 1057 sed

198 1091 421 1137 actiacam
445 1090 676 1136 donatum
692 1090 956 1153 Agrippam
973 1089 1116 1136 docet
1130 1088 1225 1135 Dio
1237 1123 1249 1146 ,
1266 1105 1313 1134 m
1328 1124 1341 1146 ,
1356 1104 1404 1149 p.
1427 1087 1520 1144 458
1537 1108 1549 1147 ;
1564 1098 1676 1150 post
1689 1090 1869 1135 bellum
1883 1088 1952 1135 si-

199 1170 359 1213 culum
375 1183 548 1213 corona
566 1168 733 1212 navali
741 1201 757 1223 ,
778 1175 879 1213 test.
906 1166 1014 1213 eod.
1032 1166 1177 1212 Dion.
1193 1201 1206 1225 ,
1229 1181 1369 1223 xmx,
1394 1174 1442 1211 et
1454 1166 1574 1211 Vell.
1590 1201 1605 1226 ,
1617 1180 1681 1226 11,
1707 1165 1786 1212 81.
1801 1166 1951 1212 Vide-

200 1255 282 1292 tur
307 1244 454 1308 igitur-
475 1254 729 1307 utramque
752 1261 853 1290 rem
877 1244 1150 1292 confudisse
1174 1243 1456 1302 Suetonius,
1471 1253 1696 1290 monente
1712 1244 1780 1290 Cl.
1808 1246 1953 1297 Has-e.
1974 1264 1979 1270 ’

265 1324 430 1373 Σπεῦδε
462 1325 660 1387 ἐραδέως.
687 1323 807 1367 Gell.
823 1362 834 1375 ,
859 1336 917 1380 x,
948 1338 1020 1366 11.
1053 1321 1270 1367 Macrob.
1288 1356 1300 1378 ,
1328 1321 1428 1366 Sat.
1454 1336 1534 1377 w,
1561 1320 1589 1365 8
1625 1336 1637 1364 :
1664 1340 1688 1362 α
1713 1320 1841 1366 Illud
1863 1321 1954 1366 Ni-

198 1400 444 1463 gidianum
467 1399 538 1445 rei
566 1408 711 1460 atque
735 1399 873 1445 verbi
887 1407 1313 1459 temperamentum
1336 1397 1475 1443 divus
1501 1399 1745 1460 Augustus
1765 1398 1956 1444 duobus

198 1478 360 1542 graecis
382 1478 629 1524 vocabulis
662 1476 1005 1539 elegantissime
1032 1461 1331 1537 exprimebat
1344 1493 1358 1534 ;
1395 1490 1505 1520 nam
1531 1483 1579 1519 et
1601 1474 1762 1521 dicere
1784 1475 1835 1519 in
1860 1490 1955 1520 ser-

199 1557 422 1604 monibus
445 1565 491 1602 et
518 1556 726 1602 scribere
740 1555 790 1600 in
813 1554 1027 1616 epistolis
1043 1553 1235 1600 solitum
1259 1569 1357 1599 esse
1375 1553 1531 1611 aiunt,
1557 1555 1721 1602 Σπεῡὸε
1753 1554 1953 1616 βραδέως,

199 1652 287 1697 per
312 1634 450 1697 quod
483 1634 737 1693 monebat,
763 1642 818 1678 ut
840 1632 903 1679 ad
925 1648 1027 1678 rem
1051 1631 1284 1694 agendam
1314 1629 1452 1676 simul
1481 1629 1789 1676 adhiberetur
1815 1638 1862 1675 et
1890 1630 1957 1674 in-

205 1714 403 1776 dustrioe
426 1713 646 1758 celeritas
661 1720 712 1756 ct
728 1711 990 1771 diligentiae
1013 1710 1218 1754 tarditas
1232 1743 1247 1764 ‚
1282 1708 1459 1769 quibus
1485 1707 1681 1754 duobus
1707 1706 1955 1754 contrariis

200 1790 254 1834 fit
277 1790 542 1836 maturitas.

267 1868 472 1933 Ᾰσφαλής.
506 1864 744 1928 Polynicis
774 1867 922 1911 verba
956 1865 1087 1925 apud
1108 1865 1353 1926 Euripid.,
1376 1864 1427 1909 in
1448 1864 1712 1919 Plzoeniss„
1739 1880 1783 1909 v.
1810 1864 1923 1909 602.

271 1946 390 1992 Cn.
424 1944 603 1990 XXVI.
644 1944 692 1987 V
686 1943 879 1988 icesimo
911 1943 1076 1987 oetatis
1109 1959 1250 1988 anno.
1291 1943 1436 2001 Vell.,
1463 1959 1535 2001 11,
1563 1939 1626 1988 65
1654 1958 1665 1987 :
1691 1962 1711 1982 «ι
1730 1941 1959 1987 Consula-

181 2027 400 2084 'tumque
422 2021 530 2066 iniit
549 2021 700 2067 Caesar
713 2019 870 2081 pridie
884 2035 1027 2081 quam
1042 2019 1213 2081 viginti
1225 2035 1374 2065 annos
1389 2019 1631 2080 impleret,
1655 2035 1687 2064 x
1708 2018 1802 2065 kal.
1827 2026 1960 2064 octo-

201 2100 321 2158 bris,
346 2116 456 2146 cum
487 2101 669 2158 collega
691 2100 749 2156 Q.
774 2098 924 2144 Pedio
938 2134 952 2156 ,
977 2107 1088 2159 post
1111 2098 1294 2144 Urbem
1317 2097 1559 2144 conditam
1591 2096 1727 2144 annis
1750 2113 1912 2144 nccxx.
1931 2117 1955 2139 n

269 2179 539 2238 Missisque.
574 2176 695 2234 Dio,
731 2191 848 2221 XLVI
863 2211 878 2233 ,
916 2177 1013 2235 319
1054 2192 1065 2221 t
1105 2181 1301 2242 Πρεσῧεῖς
1328 2185 1426 2242 πρὸς
1451 2184 1524 2230 τὴν
1562 2179 1705 2230 ὅουλὴν
1749 2181 1791 2233 ἐξ
1825 2184 1956 2225 αὐτῶν

204 2269 283 2306 τῶν
317 2267 580 2321 στρατιωτῶν
607 2260 892 2318 τετρακοσίους
926 2260 1108 2318 ἔπεμψε,
1139 2261 1295 2303 ὕπατον
1329 2260 1529 2316 Καίσαρα
1561 2255 1860 2316 ἀποδειχθῆναι
1886 2276 1954 2301 κε-

203 2335 405 2390 λεύοντας·
578 2324 585 2329 ῃ

274 2412 383 2457 Non
394 2409 626 2471 feceritis.
653 2408 776 2467 Dio,
807 2409 955 2466 ibid.‚
989 2410 1123 2454 aliter
1155 2424 1168 2455 2
1207 2415 1295 2458 Καὶ
1330 2408 1382 2464 εἷς
1414 2414 1475 2464 τὶς
1508 2416 1641 2457 αὐτῶν
1670 2413 1807 2464 ἐξῆλθέ
1835 2429 1883 2455 τι
1916 2414 1961 2454 ix.

205 2502 276 2540 τοῦ
308 2493 610 2554 ἕουλευτηρίου,
632 2493 704 2537 καὶ
727 2496 774 2537 τὸ
803 2494 909 2553 ξίφος
931 2492 1090 2537 λαῧών·
1115 2494 1261 2538 ἄοπλοι
1283 2493 1361 2551 ’γὰρ
1393 2493 1725 2539 αἰσιληλὺθησαν·
1754 2490 1891 2548 ἣψατό
1912 2507 1959 2533 τι

209 2575 332 2617 αὐτοῦ
346 2571 418 2616 καὶ
435 2567 544 2617 εἶπεν
557 2576 566 2584 “
585 2572 647 2614 ὅτι
662 2570 708 2614 ἂν
728 2573 840 2631 ὑμεῖς
855 2573 927 2619 τὴν
946 2571 1149 2615 ὑπατείαν
1169 2572 1226 2629 μὴ
1243 2567 1355 2613 ὃῶτι
1370 2565 1429 2626 τῷ
1445 2568 1652 2627 Καίσαρι,
1673 2573 1794 2611 τοῦτο
1817 2563 1959 2610 Seiva.

274 2644 537 2690 Secundum
571 2645 880 2688 consulatum.
909 2644 966 2688 A.
991 2644 1051 2690 U.
1081 2658 1169 2701 72¹
1186 2677 1199 2701 ,
1224 2657 1332 2687 cum
1355 2643 1409 2687 L.
1434 2638 1639 2686 Vocatio
1667 2639 1824 2685 Tullo.

285 2722 508 2767 Tertium.
535 2724 587 2765 A.
621 2721 680 2766 U.
710 2721 805 2778 723
824 2754 837 2777 ,
865 2736 987 2766 cum.
1014 2722 1082 2765 M.
1108 2720 1299 2766 Valerio
1324 2718 1524 2765 Messala
1547 2715 1773 2763 Corvino.

278 2800 628 2845 Duodecimum.
662 2801 715 2844 A.
742 2799 802 2844 U.
838 2803 961 2860 749,
993 2813 1101 2843 cum
1131 2799 1185 2843 L.
1215 2798 1357 2843 Sulla.

283 2879 485 2923 Tertium
517 2869 767 2926 decimum.
799 2878 855 2921 A.
880 2876 941 2921 U.
962 2873 1072 2933 752.

279 2956 417 3002 Suo...
443 2955 491 3000 in
503 2953 689 3015 sorum.
714 2956 782 3001 Ut
807 2963 970 3015 togam
992 2952 1179 2998 virilem
1202 2952 1259 2997 iis
1283 2952 1448 2998 daret:
1475 2952 1646 2996 tirones
1673 2950 1798 2995 enim
1831 2958 1963 2995 erant

212 3032 298 3094 qui
325 3033 448 3079 hanc
472 3039 632 3094 togam
663 3032 929 3079 sumebant.

283 3111 451 3156 Gessit.
478 3110 556 3156 Ab
578 3111 637 3157 A.
669 3111 731 3157 U.
759 3108 852 3168 726
877 3124 1030 3172 usque
1062 3108 1124 3155 ad
1161 3109 1270 3167 731.

276 3189 420 3234 Jovis.
447 3188 707 3235 Consulare
730 3202 914 3234 sacrum
935 3196 991 3233 ut
1014 3186 1212 3246 faceret,
1243 3201 1303 3232 ex
1332 3201 1466 3232 more
1498 3186 1761 3233 consulum.

281 3267 406 3312 Atio.
433 3265 618 3327 Nempe
643 3261 890 3322 'Antoni03
916 3263 995 3311 alii
1025 3265 1258 3311 Autronio
1299 3264 1464 3320 Poeto,
1493 3262 1672 3325 quibus
1711 3260 1961 3308 assentitur

217 3342 476 3406 Schweigh.
510 3343 559 3388 in
574 3342 787 3405 Appian.
809 3378 821 3400 ,
849 3345 979 3404 Illyr.
1008 3343 1084 3389 28.
