2372 3918
378 292 471 340 240
892 273 896 277 '
1140 287 1329 332 NOTAE

935 482 1011 534 IN
1058 481 1518 537 CALIGULAM.

443 666 550 712 Cn’.
586 667 623 710 1.
656 666 864 710 Mc'norls.
890 668 1004 710 Duae
1037 675 1311 725 supererant
1344 666 1558 711 Antonio
1595 665 1700 711 filiae
1734 684 1745 712 ε
1781 667 2011 713 Plutarch.
2042 667 2093 713 in

383 749 575 796 Amor-n,
605 757 652 802 p.
678 740 773 803 955
808 743 1189 806 :Amzampae'wv
1222 746 1271 792 δὲ
1294 756 1372 793 τῶν
1399 743 1598 793 Ᾰντωνίου
1629 750 1699 793 καὶ
1736 741 1948 800 charaeta:
1980 747 2090 795 δυοῖν

376 828 615 886 θυγατέρων,
638 827 708 873 τὴν
736 826 805 883 μὲν
822 827 1007 883 Δομίτιος
1029 824 1274 884 Αἱνόὲαρὲος
1298 826 1516 875 {haeft-hv
1540 823 1589 870 δὲ
1614 830 1844 885 σωφροσύνῃ
1868 829 1939 871 καὶ
1954 829 2092 871 κοίλλιι

378 901 614 961 περιὶῗόητον
655 896 859 946 Ᾰντωνίαν
891 909 1078 960 Δροῦσος,
1111 906 1129 945 ὁ
1161 902 1306 953 Aueiae
1340 906 1441 965 υἷος,
1472 907 1660 962 πρόγονος
1700 902 1748 946 δὲ
1782 906 2003 961 Καίσαρος.
2032 895 2090 947 ὲκ

377 982 525 1022 τούτων
556 980 712 1036 ἐγένετο
735 980 978 1037 Γερμανικὸς
998 979 1068 1022 καὶ
1094 977 1306 1028 Κλαύδιος.

446 1060 728 1118 Adoptatus.
760 1061 817 1105 A.
845 1061 904 1105 U.
933 1060 1042 1117 757.

448 1148 636 1192 Lcheret
663 1149 809 1192 Natus
833 1161 979 1191 annos
1004 1146 1172 1207 viginti
1206 1156 1253 1192 et
1284 1147 1418 1207 quod
1451 1147 1685 1204 excurrit3
1725 1156 1929 1207 quaestor
1969 1148 2092 1192 enim

381 1223 471 1269 suit
493 1226 549 1269 A.
584 1225 642 1270 U.
681 1226 798 1293 760,
824 1232 945 1268 auct
974 1224 1112 1268 Dion.
1133 1241 1246 1282 ,ug
1274 1224 1364 1279 31,
1396 1240 1544 1284 quum
1565 1224 1707 1269 vitam
1744 1223 1920 1268 iniisset
1946 1226 2003 1270 A.
2035 1224 2093 1269 U.

383 1301 489 1361 739
515 1302 679 1344 Annus
707 1309 862 1344 autem
887 1308 1128 1359 quaesturae
1152 1301 1386 1362 legitimus
1418 1300 1529 1344 inde
1559 1301 1619 1344 ab
1651 1299 1842 1361 Augusti
1865 1299 2096 1360 tempori-

380 1379 469 1422 bus
493 1386 590 1422 exat
617 1376 760 1422 aetatis
783 1376 1033 1437 vigesimus
1058 1376 1280 1436 quintus,
1306 1386 1360 1422 ut
1381 1385 1511 1437 patet
1541 1393 1599 1422 ex
1623 1377 2096 1434 Dion.‚1.n,2o‚et

384 1455 523 1500 docet
546 1454 670 1513 Lips.
686 1453 735 1497 in
757 1455 953 1499 Excurs.
970 1455 1039 1497 acl
1067 1455 1215 1498 Tacit.
1233 1457 1437 1519 Annal„
1463 1470 1553 1511 111,
1580 1468 1657 1513 29,
1674 1462 1833 1497 annot.
1857 1454 1923 1498 Cl.
1950 1455 2094 1498 Base.

447 1542 624 1587 Statim.
658 1533 871 1601 Intellige
896 1556 995 1585 non
1021 1540 1309 1600 interpositis
1333 1540 1550 1586 aedilitate
1574 1550 1620 1589 et
1650 1549 1867 1600 praetura.

453 1629 759 1688 Compescuit.
798 1630 904 1684 Qua
931 1628 1116 1673 ratione
1148 1628 1286 1673 docet
1323 1630 1515 1685 zonar.,
1550 1630 1702 1681 Ama,
1753 1643 1823 1684 11,
1861 1643 1907 1686 p,
1955 1642 2044 1684 172
2085 1645 2097 1672 ε

383 1714 619 1771 Γράμματα
643 1708 692 1753 δὲ
728 1707 782 1758 δὴ
806 1712 919 1764 τινὰ,
942 1714 990 1761 ὣς
1020 1709 1087 1754 καὶ
1111 1711 1225 1768 παρὰ
1251 1717 1321 1754 τοῦ
1346 1710 1527 1770 Τιέερίου
1559 1713 1796 1769 πεμφθέντα
1824 1715 1936 1754 συνθε
1946 1710 1978 1760 ἱς
1985 1712 2096 1764 ,τήν

384 1808 429 1832 τε
453 1786 606 1847 δωρεὰν
632 1790 702 1836 τὴν
731 1789 807 1832 ὑπο
833 1794 903 1831 τοῦ
926 1790 1158 1845 Αὐγούστου
1175 1791 1434 1852 καταλειφθε
1422 1806 1510 1831 ισαν
1526 1790 1637 1845 σφίσι
1661 1785 1889 1841 &tn-limfa,
1873 1805 1981 1831 και
2002 1793 2097 1846 παρ’

388 1867 534 1908 ἐκείνου
560 1861 747 1916 δέδωκε,
781 1865 851 1907 καὶ
873 1882 964 1914 τους
987 1866 1061 1915 ἔξω
1090 1871 1162 1913 τῆς
1185 1867 1340 1914 ἠὶικίας
1362 1866 1504 1922 Scep-Em.
1536 1864 1622 1907 Koa
1649 1865 1725 1922 γὰρ
1754 1867 1796 1907 ἐκ
1821 1869 1892 1907 τοῦ
1929 1865 2096 1908 ἀστικοῦ

388 1944 502 1999 ὄχλου
528 1943 589 1991 οὓς
615 1944 633 1984 ὁ
672 1942 900 1998 Αὔγουστος
927 1942 1034 1999 μετὰ
1061 1942 1131 1988 τὴν
1167 1947 1237 1984 τοῦ
1272 1942 1429 1999 Οὐάρου
1466 1941 1668 1998 συμφορὰν
1696 1940 2026 1998 προσκατέλεξεν,
2062 1941 2097 1983 οἱ

384 2019 538 2067 πλείους
561 2008 690 2060 αὐτῶν
713 2015 832 2063 ἦσαν.
1977 2067 1979 2069 ¹

456 2089 787 2157 Trc‘uniplzavit.
823 2099 874 2143 C.
911 2098 1095 2143 Caecilio
1126 2107 1172 2143 et
1209 2101 1261 2143 L.
1298 2099 1564 2158 Pomponio
1606 2114 1719 2144 coss.
1752 2115 1790 2143 a.
1820 2100 1865 2144 d.
1904 2116 1978 2145 vn
2004 2099 2096 2144 kal.

385 2174 566 2234 junias,
600 2189 659 2218 ex
679 2173 825 2218 Tacit.
851 2176 1028 2218 Annal.
1041 2206 1057 2228 ,
1093 2189 1135 2218 11
1152 2207 1164 2230 ,
1199 2179 1273 2227 41.

456 2265 630 2306 Iterum
654 2271 848 2306 creatus.
872 2263 929 2306 Α.
960 2263 1019 2307 U.
1057 2277 1143 2319 771
1160 2297 1173 2319 ,
1198 2262 1371 2318 Tacit.‚
1395 2265 1568 2307 Annal.
1583 2297 1598 2318 ‚
1625 2280 1690 2320 11,
1719 2265 1778 2310 33
1805 2282 1816 2309 :
1847 2284 1871 2305 α
1888 2266 2120 2324 διεφιιειιεἶ

388 2355 539 2384 annus
562 2337 803 2382 Tiberium
829 2337 995 2394 tertio,
1029 2338 1356 2383 Germanicum
1380 2339 1550 2384 iterum
1575 2341 1789 2386 consules
1818 2339 1999 2386 habuit.
2015 2359 2037 2381 υ

457 2428 712 2486 Expulsus.
738 2426 896 2480 Quare
922 2425 1107 2470 dicatur
1131 2428 1353 2486 expulsus
1370 2427 1509 2472 docet
1530 2428 1699 2485 Tacit,
1723 2430 1924 2482 Annal.,
1952 2443 2014 2483 11,
2046 2425 2100 2471 5:

389 2525 408 2544 ιι
433 2502 626 2547 Tiberio
655 2502 784 2547 haud
806 2501 1041 2562 ingratum
1067 2503 1236 2548 accidit
1259 2504 1442 2548 turbari
1471 2520 1549 2550 res
1575 2502 1807 2563 Orientis,
1831 2511 1885 2550 ut
1913 2515 1968 2550 ea
1990 2519 2102 2563 spe-

391 2579 460 2625 cie
489 2579 817 2624 Germanicum
848 2579 990 2623 suetis
1012 2579 1278 2640 legionibus
1312 2581 1879 2642 abstraheretsnovisque
1900 2579 2100 2642 provin·

390 2654 472 2701 ciis
500 2654 796 2714 impositum,
821 2654 936 2699 dolo
960 2654 1095 2700 simul
1117 2663 1163 2699 et
1195 2655 1378 2701 casibus
1401 2656 1710 2715 objectaret.»
1733 2660 1804 2702 De
1831 2657 1910 2702 iua
1932 2656 2106 2702 Orien-

393 2732 452 2776 tis
471 2730 831 2791 perturbatione
859 2731 1314 2789 Cf.Jos1;1=11.‚Ant
1330 2732 2028 2792 Jud„xv111,3:13÷21223rn022
2054 2735 2106 2781 δὲ

393 2815 462 2857 καὶ
491 2815 509 2856 ὁ
534 2819 605 2863 τῆς
634 2818 913 2873 Κομμαγηνῆς
936 2806 1146 2871 Αντιόχος·
1169 2812 1362 2862 διέστηκε
1387 2813 1434 2859 δὲ
1468 2811 1515 2860 το
1547 2822 1692 2866 πλῆθος
1722 2820 1817 2875 πρὸς
1850 2833 1939 2865 τους
1968 2832 2105 2873 γνωρι

395 2908 527 2949 μους...
532 2890 630 2934 .καὶ
646 2890 856 2948 ψηφίζεται
880 2894 905 2938 ἡ
927 2892 1144 2949 σύγκλητος
1157 2894 1399 2950 Γερμανικον
1423 2896 1598 2950 πέμπειν
1625 2891 1903 2952 διορθώσαντα
1918 2893 1972 2936 τὰ
1996 2893 2104 2934 κατὰ

392 2971 462 3015 τὴν
489 2967 699 3013 ἀνατολήν.

458 3048 721 3092 Devicisset.
747 3046 922 3103 Tacit„
951 3050 1123 3093 Annal.
1138 3081 1154 3103 ,
1180 3064 1243 3105 11,
1271 3047 1331 3094 56
1365 3066 1375 3093 ε
1414 3070 1431 3089 «
1458 3051 1667 3095 Armenii
1699 3065 1858 3112 regem
1884 3049 1961 3094 illa
1984 3057 2105 3092 tem-

393 3130 571 3181 pestate
596 3138 695 3166 non
726 3122 986 3181 habebant,
1010 3133 1168 3168 amoto
1196 3127 1239 3168 V
1242 3141 1423 3184 onone3
1459 3126 1542 3171 sed
1576 3127 1712 3171 favor
1741 3124 1945 3171 nationis
1967 3123 2106 3168 incli-

395 3199 537 3243 nabat
569 3198 618 3243 in
649 3201 884 3244 Zenonem
923 3200 1190 3246 Polemonis
1218 3202 1341 3261 regis
1371 3203 1556 3247 Pontici
1595 3202 1759 3249 filium.
1778 3223 1800 3244 x»
1841 3204 1899 3248 Et
1936 3201 2057 3246 infra
2096 3216 2106 3242 :

397 3296 415 3313 ι
437 3274 586 3335 Igitur
609 3275 912 3319 Germanicus
935 3276 984 3318 in
1008 3276 1127 3321 urbe
1163 3280 1410 3334 Artaxata,
1434 3264 1808 3338 approbantibus
1839 3277 2077 3322 nobilibus
2094 3311 2106 3331 ,
