2372 3918
433 310 457 337 α
468 294 523 338 58
1186 291 1383 337 NOTAE.

497 391 753 447 Deponere.
773 386 995 431 Solebam
1017 386 1217 430 Romani
1250 386 1457 430 lacernas
1489 384 1749 444 deponere,
1785 384 1936 444 specie
1969 385 2126 429 hono—

431 465 516 520 ris,
552 461 906 507 advenientibus
938 459 1257 522 principibus,
1289 469 1341 504 ut
1381 461 1583 519 paenulas
1615 459 1727 504 deos
1768 460 1960 504 oraturi.
1995 460 2128 504 Conf.

432 540 670 594 Fanum,
695 539 754 582 de
784 539 851 582 Re
880 538 1099 591 Vestiam,
1130 552 1191 593 11,
1225 552 1270 593 1,
1296 551 1370 596 29.

497 615 833 674 Augustalium.
862 612 1030 669 Tacit„
1058 615 1226 656 Annal.
1249 646 1260 664 ,
1283 628 1318 667 1,
1346 612 1402 664 54
1431 627 1441 654 ε
1468 629 1486 649 α
1512 611 1640 657 Idem
1664 626 1811 656 annus
1828 612 1841 670 ζ
1852 613 1910 656 U.
1937 613 1986 656 C.
2017 608 2128 672 767)

432 706 576 734 novas
612 689 898 735 caerimonias
923 689 1127 748 accepit3
1170 688 1329 733 addito
1367 689 1602 732 Sodalc'um
1640 689 1950 747 Augustalium
1977 702 2131 731 sacer-

433 767 579 814 dotio.
610 787 637 806 »

498 845 607 888 CAP.
634 845 736 887 VII.
765 843 928 887 Gessit
950 840 1068 896 Dio,
1086 855 1189 895 ux,
1211 855 1257 899 p.
1283 840 1414 895 644³
1439 847 1559 890 Μετὰ
1583 847 1647 888 τὸν
1662 852 1730 889 τοῦ
1747 844 1925 904 Τιῧερὶου
1941 851 2132 901 θάνατον,

432 928 522 968 τότε
559 930 738 982 πρῶτον,
763 925 906 980 καίπερ
944 922 984 973 ἒξ
1014 921 1081 964 καὶ
1104 920 1409 978 τεσσαράκοντα.
1445 925 1512 967 ἔτη
1555 920 1774 974 Εεὲιωκὼς,
1807 922 1875 965 καὶ
1909 926 2129 967 υποίτευσιν

433 1003 520 1059 ἅμα
543 1001 611 1043 καὶ
635 999 872 1043 ἐὲοὑλευσεν.

500 1072 606 1116 ΟΛ».
636 1071 761 1114 VIII.
789 1072 833 1113 A
863 1069 1056 1128 capreis.
1082 1066 1203 1110 Vide
1233 1080 1399 1125 supra,
1430 1066 1478 1110 in
1513 1068 1682 1121 Tiber„
1704 1084 1798 1113 Lxl.

497 1147 605 1190 Cn».
632 1146 716 1190 IX.
754 1144 965 1204 Coesaris.
998 1144 1068 1186 Sc.
1096 1140 1195 1187 Caii
1221 1140 1449 1202 Caligulae.
1490 1164 1492 1166 “

482 1220 829 1277 ’Corvus-atim...
857 1219 903 1263 in
931 1212 1246 1263 Germaniam.
1271 1220 1327 1260 A.
1361 1219 1417 1262 U.
1447 1232 1551 1277 792·
1576 1218 1648 1261 De
1671 1233 1720 1262 re
1746 1219 1813 1263 Cf.
1838 1220 2010 1276 Dion,
2036 1235 2131 1276 ux,

397 1285 401 1290 ⁷
430 1315 475 1360 p.
504 1297 614 1355 657.

496 1376 705 1420 Flumen.
740 1375 914 1432 Nempe
938 1373 1167 1418 Rhenum.

495 1452 701 1509 Recepta
722 1457 803 1493 est.
831 1450 875 1494 H
914 1463 952 1492 e.
979 1449 1177 1495 admissa
1201 1459 1268 1495 est
1291 1450 1338 1494 in
1369 1458 1541 1494 senatu.

496 1527 674 1570 Fidem.
700 1527 774 1570 Sc.
802 1524 1020 1585 obligatis
1043 1528 1241 1584 praediis.

496 1605 554 1647 In
584 1618 797 1646 vacuum.
821 1600 914 1644 Alii
938 1601 1070 1646 aliter
1101 1603 1196 1649 haec
1219 1603 1612 1662 interpretantur3
1638 1616 1697 1647 ne
1724 1600 1881 1646 omnia
1909 1601 2134 1647 transcri-

429 1680 564 1735 bam,
600 1681 816 1725 Torrent.
860 1676 973 1721 dicit
1015 1697 1034 1717 α
1059 1679 1185 1723 bona
1222 1678 1485 1738 proscripta
1521 1678 1685 1734 fuisse,
1714 1686 1949 1737 tanquam.
1979 1693 2133 1721 vacua

430 1765 510 1799 aut
543 1755 794 1807 vacantia,
828 1754 873 1798 h.
900 1769 940 1799 e.
972 1770 1074 1814 quae
1107 1755 1204 1800 sine
1230 1755 1423 1800 domino
1447 1745 1543 1801 esse
1580 1754 1866 1811 viderentur,
1903 1754 2055 1799 donec
2084 1753 2133 1797 in
2167 1774 2171 1777 ²

431 1830 591 1876 fiscum
627 1839 908 1890 cogerentur
948 1851 967 1871 »
1000 1832 1221 1887 (41.›Huse
1257 1834 1303 1877 in
1335 1848 1534 1876 vacuum
1572 1838 1855 1892 esseputat,
1878 1850 1898 1870 α
1936 1829 1986 1874 in
2014 1829 2133 1874 resi—

431 1908 571 1951 duam
596 1906 694 1951 aeris
721 1905 857 1951 alieni
879 1915 1083 1966 partem,
1108 1907 1204 1952 sive
1226 1908 1285 1952 ad
1316 1904 1684 1961 dissolvendum,
1727 1906 1860 1967 quod
1883 1906 2042 1952 deerat
2074 1907 2134 1951 ad

430 1992 573 2028 totam
589 1997 838 2038 summam,
862 1982 1025 2027 aerario
1043 1983 1271 2040 debitam;
1293 2003 1317 2024 n
1340 1985 1415 2028 vel
1439 1984 1630 2029 omnino
1643 2018 1656 2039 ,
1680 2003 1699 2024 «
1718 1990 1769 2026 ut
1792 1983 2083 2028 liberaretur.
2111 2004 2129 2023 »

497 2061 620 2118 Lege
645 2059 969 2117 proeclz'cztoria‚
995 2063 1099 2114 Qua
1129 2058 1353 2103 venibant
1378 2059 1581 2121 obligata
1609 2058 1804 2119 publico
1840 2057 2015 2117 praedia
2048 2073 2134 2103 eo-

429 2150 536 2179 rum
577 2135 660 2194 qui
696 2133 920 2178 solvendo
956 2150 1051 2178 non
1079 2143 1243 2180 essent.
1265 2136 1337 2180 De
1370 2135 1457 2179 hac
1491 2134 1596 2177 vide
1635 2136 1861 2191 Sumus„
1896 2136 1955 2178 de
1992 2135 2136 2178 Modo

437 2211 563 2254 Usur.
579 2243 594 2264 ,
618 2225 657 2253 c.
683 2225 787 2264 xvu
813 2217 857 2252 et
881 2210 1112 2266 ERNEs'r„
1141 2210 1265 2254 Cla«.
1297 2209 1438 2255 Cicer.
1457 2243 1473 2266 ‚
1507 2210 1556 2255 in
1573 2211 1923 2271 proediatoeius.

499 2287 790 2345 Ρερεηιίενιῑ
816 2310 879 2318 -—
909 2286 950 2325 V
950 2286 1101 2329 enalzr
1132 2287 1341 2345 pendere
1365 2286 1622 2343 dicebatur,
1659 2286 1794 2344 cujus
1826 2287 1954 2331 bona
1987 2286 2035 2331 in
2065 2294 2137 2331 ta·-

430 2363 550 2410 bella
571 2362 831 2423 proscripta
856 2361 1043 2422 publice
1061 2363 1339 2421 pendebant.

496 2440 604 2484 Cn.
635 2441 697 2483 X.
738 2439 1017 2482 Hetmoeum.
1055 2438 1144 2487 Ani>
1168 2451 1236 2487 τοῦ
1271 2437 1420 2503 ἐρμου,
1449 2455 1474 2484 a
1505 2439 1637 2498 cujus
1669 2438 1857 2483 nomine
1895 2441 2134 2483 coenaculo

429 2515 538 2561 huic
563 2529 735 2562 nomen
762 2513 851 2558 fuit
881 2513 1098 2558 inditum.

496 2592 736 2635 Solarium.
770 2592 922 2634 Locus
946 2590 994 2634 in
1019 2591 1216 2648 aedibus,
1249 2591 1332 2635 ubi
1354 2594 1496 2635 solem
1526 2591 1740 2651 excipere
1764 2600 1807 2635 et
1830 2591 2029 2651 apricari
2050 2606 2132 2634 so—

430 2668 598 2712 lebant.
625 2667 835 2711 Macrob.
855 2701 867 2723 ,
897 2667 993 2710 Sat.
1010 2701 1022 2722 ,
1053 2682 1118 2722 11,
1149 2672 1174 2720 4
1202 2682 1212 2710 τ
1237 2668 1396 2728 «Ego,
1414 2676 1466 2711 ut
1488 2683 1561 2712 me
1584 2669 1788 2727 populus
1813 2682 2031 2712 romanus
2054 2666 2131 2709 di—

429 2752 500 2788 cat
523 2744 641 2787 bene
669 2744 843 2796 cultum
859 2776 872 2798 ,
897 2741 947 2785 in
972 2741 1142 2786 solario
1167 2743 1484 2787 ambulaturus
1509 2759 1623 2788 sum.
1652 2764 1670 2783 υ

504 2821 630 2863 Vela.
657 2821 693 2863 I.
720 2834 758 2862 e.
785 2818 927 2862 aulaea
961 2834 1061 2877 quae
1085 2819 1134 2862 in
1163 2819 1382 2864 domibus
1404 2819 1671 2878 principum
1703 2829 1808 2864 ante
1845 2819 1970 2863 fores
1993 2818 2133 2863 cubi-

429 2896 640 2939 culorum
663 2893 1088 2954 praetendebantur.
1114 2894 1286 2950 Tacit„
1315 2897 1508 2949 Amzah,
1546 2910 1662 2951 x111,
1695 2910 1720 2938 2
1749 2911 1758 2937 ε
1784 2914 1808 2935 <c
1839 2896 1903 2940 Ut
1932 2894 2133 2939 adstaret

429 2970 599 3016 abditis
622 2986 647 3015 a
672 2979 805 3030 tergo
832 2969 1011 3015 foribus
1033 2973 1139 3015 velo
1163 2971 1386 3029 discreta,
1410 2970 1541 3031 quod
1560 2970 1709 3015 visum
1726 2980 1927 3028 arceret,
1948 2970 2133 3015 auditus

426 3062 524 3093 non
547 3045 823 3094 adimeret.»

493 3123 702 3182 Agnovit.
727 3120 803 3166 Sic
828 3123 1043 3182 Joseph.,
1070 3126 1173 3167 Ant.
1197 3123 1302 3167 Iud.
1317 3156 1332 3176 ,
1357 3137 1470 3181 nx,
1496 3138 1522 3168 2
1547 3139 1559 3166 :
1587 3124 1773 3167 Gratum
1794 3122 1921 3167 hunc
1942 3121 2134 3166 militem

429 3196 718 3243 nominatum
741 3205 915 3242 narrat.
1833 3212 1835 3214 ·

494 3276 694 3318 Accitus.
726 3275 829 3318 Hoc
861 3289 1030 3328 munus
1057 3273 1225 3321 obiisse
1262 3275 1505 3318 Veranium
1545 3283 1590 3318 et
1624 3273 1856 3318 Brochum
1897 3271 2010 3316 dicit
2046 3272 2126 3314 Jo-
