2372 3918
352 318 443 373 254
1105 320 1292 366 NOTAE

414 406 521 448 (In.
554 405 678 449 Lm.
719 404 1023 464 Eloquentiae.
1049 403 1224 460 Tacit.,
1258 405 1456 457 Atmal.‚
1496 417 1616 458 1111,
1654 402 1680 446 3
1716 418 1725 445 :
1761 421 1785 443 α
1811 403 1959 446 Etiam
1997 404 2046 447 C.

347 481 533 527 Caesaris
556 480 745 525 turbata
775 494 904 525 mens
931 479 1025 524 vim
1049 478 1238 524 dicendi
1257 494 1355 524 non
1380 477 1608 539 corrupit.
1625 499 1643 518 n

417 561 616 602 Arenam
642 571 742 600 esse
762 557 859 600 sine
880 557 1025 600 calce.
1053 555 1278 600 Mullerus
1294 588 1307 611 ,
1332 555 1379 598 in
1401 555 1630 599 Observat.
1645 588 1660 609 ,
1688 569 1734 615 p.
1768 554 1847 611 15,
1874 556 2051 616 repeti-

275 654 281 661 ’
348 645 445 679 tum
480 631 600 678 illud
630 630 743 677 dicit
765 646 791 676 a
815 631 951 677 Circo
976 631 1026 676 in
1052 646 1150 691 quo
1182 631 1280 676 Caii
1312 630 1466 676 studia
1497 631 1697 676 maxime
1730 631 2047 687 versabantur,

349 719 398 755 ut
421 709 540 755 adeo
564 708 799 754 vocaverit
813 710 986 752 Seneca
1014 723 1205 752 arenam
1230 707 1459 764 stadium,
1484 708 1766 752 curriculum
1783 707 1881 752 sine
1893 709 2047 761 calce,

348 787 375 831 i.
402 802 467 844 e.,
491 785 590 829 sine
619 793 767 839 metu,
790 784 886 828 sine
916 776 1023 828 loco
1056 784 1179 828 calce
1204 785 1278 829 vel
1310 792 1435 829 creta
1459 793 1651 841 notato,
1684 784 1768 829 ubi
1792 799 1929 829 cursu
1962 799 2050 828 ex-

348 870 452 907 acto
489 861 640 906 victor
675 860 925 904 consistere
961 867 1007 903 et
1037 859 1277 918 praemium
1312 859 1521 919 accipere
1560 860 1751 904 solebat.

411 938 687 984 Rescre'bere.
714 938 769 981 H.
797 952 835 980 e.
875 934 1108 991 refutare,
1139 935 1480 981 scil..monente
1515 937 1584 980 Cl.
1612 937 1767 989 Hase,
1804 945 1858 980 ut
1886 945 2050 980 orato-

348 1031 453 1061 rum
476 1014 661 1060 laudem
684 1012 979 1072 deprImeret.

413 1103 619 1147 Reorum.
645 1100 871 1159 Exemplo
893 1107 960 1143 est
975 1097 1210 1143 Domitius
1222 1098 1351 1155 Afer,
1377 1113 1515 1158 quem
1539 1099 1723 1158 prolixa
1747 1099 1960 1143 oratione
1976 1113 2058 1142 ac-

351 1191 530 1235 cusasse
565 1175 739 1220 dicitur
766 1190 791 1219 a
828 1173 1006 1231 Dione,
1038 1190 1144 1231 mx,
1166 1190 1214 1234 p.
1240 1172 1349 1241 654:

417 1266 527 1311 Cn».
555 1264 675 1307 LIV.
701 1262 1028 1306 Scabellorum.
1055 1288 1121 1296 -—
1151 1263 1369 1308 Scabella
1402 1262 1709 1307 instrumenta
1737 1259 1870 1307 erant
1900 1276 2056 1321 pneu-

350 1341 543 1397 matica,
581 1355 685 1400 quae
720 1340 984 1383 calceorum
1015 1338 1160 1383 modo
1185 1339 1389 1399 pedibus
1418 1338 1684 1383 saltantium
1713 1338 1898 1398 alligata
1923 1352 2056 1383 eum-

350 1419 455 1463 dem
479 1432 642 1463 sonum
668 1424 937 1475 crepantem
966 1430 1150 1475 semper
1178 1416 1458 1460 referebant.
1486 1414 1744 1474 Descripsit
1771 1429 1825 1458 ea
1855 1421 1901 1458 et
1926 1428 2054 1457 mar-

351 1509 482 1539 more
512 1491 762 1537 illustravit
789 1490 1055 1548 Rubenius,
1078 1492 1138 1534 cle
1166 1492 1235 1535 Re
1255 1501 1396 1546 vest„
1423 1506 1465 1535 11
1483 1524 1497 1547 ‚
1528 1506 1599 1548 ¹7·

413 1571 665 1615 Desaltuto
689 1568 882 1612 cantico.
920 1567 979 1611 H.
1010 1581 1049 1611 e.
1085 1566 1330 1612 saltatione
1362 1575 1555 1626 peracto
1595 1565 1790 1611 cantico.
1819 1563 2059 1611 Comoedia

354 1645 476 1690 enim
501 1644 874 1705 distinguebatur
903 1641 952 1686 in
973 1643 1198 1697 diuerbia,
1223 1643 1307 1687 ubi
1331 1643 1490 1703 plures
1516 1643 1848 1704 loquebantur,
1873 1649 1920 1686 et
1944 1656 2061 1685 can·-

355 1723 473 1776 tica,
503 1721 587 1767 ubi
609 1736 731 1765 unus
757 1728 937 1764 tantum
959 1719 1158 1779 loquens
1188 1719 1594 1765 introducebatur.

419 1810 528 1853 Cn.
563 1809 661 1852 LV.
687 1807 983 1851 Mnesterem.
1011 1805 1133 1853 Vide
1155 1821 1321 1866 supra,
1345 1822 1509 1851 xxxvx.

419 1884 630 1929 Detrahe.
659 1885 730 1928 Sc.
758 1898 783 1928 e
807 1881 1094 1941 spectaculis.

419 1961 739 2007 Ptolemoeum.
766 1959 888 2004 Vide
912 1973 1052 2018 supra
1067 1993 1081 2016 ,
1104 1973 1270 2003 xxxw.

418 2038 609 2082 Recidit.
638 2036 826 2081 Minora
849 2044 895 2080 et
915 2035 1094 2080 leviora
1117 2035 1241 2079 fecit.

422 2114 650 2159 Columbo.
675 2112 773 2168 Qui
796 2120 895 2156 erat
919 2111 1042 2156 inter
1072 2111 1390 2156 mirmillones.

421 2203 634 2247 Prasinoe
641 2200 863 2260 factioni.
889 2199 998 2243 Haec
1029 2207 1127 2244 erat
1151 2198 1368 2259 insignita
1407 2198 1546 2243 viridi
1570 2214 1727 2258 panno
1744 2233 1757 2255 ‚
1781 2197 1919 2258 quod
1942 2212 2064 2257 pra-

354 2279 480 2322 sinus
513 2276 756 2339 significat.
1227 2329 1230 2333 Ι
1859 2264 1861 2266 ’

420 2354 630 2398 Deditus.
661 2351 781 2409 Dio,
815 2367 921 2408 mx,
945 2366 993 2411 p.
1022 2350 1117 2395 650
1150 2367 1160 2395 ε
1192 2346 1305 2399 ὥστε
1328 2356 1396 2399 καὶ
1426 2362 1490 2399 νῦν
1513 2359 1571 2399 ἔτι
1598 2362 1658 2399 Γα
1659 2358 2003 2378 “““““

353 2437 508 2494 χωρίον,
529 2441 566 2478 ἐν
600 2431 630 2492 ᾧ
664 2435 718 2478 τὰ
747 2436 914 2492 ἅρματα.
937 2438 1052 2483 ἤσκει
1076 2435 1299 2477 καλεῖσθαι.

420 2517 743 2580 Apophoretis.
772 2510 970 2561 Munera
1001 2531 1104 2576 quae
1142 2515 1425 2561 abeuntibus
1452 2514 1663 2560 convivis
1686 2514 1828 2559 dabat
1862 2512 2064 2557 convivii

359 2592 591 2637 dominus.

428 2670 705 2714 Deatlnasse.
730 2667 849 2725 Dio,
866 2668 945 2712 ub.
972 2683 1099 2727 sup.,
1124 2684 1169 2728 p.
1196 2665 1289 2711 615
1317 2684 1327 2711 2
1354 2674 1439 2716 Καὶ
1462 2675 1798 2731 προσυπισχνεῖτο
1818 2673 1887 2715 καὶ
1912 2674 2064 2714 ὕπατον
2087 2664 2089 2668 ⁴

359 2752 476 2793 αὐτὸν
514 2748 755 2801 ἀποδείξειν,
785 2749 853 2793 καὶ
888 2751 1049 2798 πάντως
1079 2750 1125 2792 ἂν
1163 2749 1230 2792 καὶ
1260 2756 1377 2792 τοῦτο
1416 2751 1669 2796 ἐπεποιήκει,
1708 2751 1741 2791 εἰ
1774 2749 1899 2791 πλείω
1930 2749 2063 2805 χρόνον

360 2828 501 2876 ἐξήκει.
1123 2837 1142 2848 ²

423 2907 532 2951 Cn.
577 2908 698 2951 LVI.
729 2908 888 2952 Ludis.
914 2908 1046 2964 Quos
1077 2908 1127 2953 in
1164 2909 1393 2954 honorem
1441 2907 1640 2968 Augusti
1676 2904 1807 2950 Livia
1847 2904 2067 2960 instituit,

359 2991 479 3029 auct.
509 2982 648 3028 Dion.
667 3015 681 3038 ‚
705 2999 806 3041 LVI,
834 2999 880 3043 p.
915 2985 1011 3028 600
1032 3000 1043 3028 ε
1066 2983 1105 3033 1‘1
1127 2991 1269 3034 Λιουΐοι
1294 2989 1401 3034 ἰδίαν
1427 2988 1482 3036 δή
1507 3008 1597 3033 τινα
1626 2991 1734 3044 αὐτῷ
1763 2988 1982 3048 πανήγυριν
2001 2986 2067 3028 ἐπὶ

357 3066 459 3122 τρεῖς
482 3065 632 3122 ἡμέρας
656 3066 693 3107 ἐν
718 3071 775 3122 τῷ
802 3067 998 3122 Παλατίῳ
1016 3067 1216 3119 ἐποίησεν,
1239 3084 1277 3109 κ.
1303 3073 1390 3109 τ.λ.

428 3135 615 3190 Cassius·
641 3144 849 3190 Choerea.
875 3148 1032 3203 Quem
1052 3154 1291 3192 auctorem
1309 3145 1650 3205 conjurationis
1669 3146 1776 3203 jure
1797 3141 2065 3188 habendum

360 3219 592 3265 existimat
612 3219 802 3280 loseph.
816 3255 830 3278 ‚
854 3224 963 3268 Ant.
995 3221 1102 3267 lad.
1121 3254 1136 3276 ,
1164 3237 1247 3267 xxx
1262 3258 1273 3277 ‚
1306 3240 1321 3267 ι
1334 3258 1343 3266 .

429 3294 693 3339 Consuemt.
711 3298 907 3354 Seneca,
922 3298 982 3341 de
1000 3297 1235 3342 Constant.
1261 3314 1365 3357 sap.
1378 3331 1393 3352 ,
1419 3313 1546 3342 xv111
1565 3315 1576 3342 :
1594 3319 1612 3336 «
1630 3297 1851 3351 Cbaereae,
1874 3294 2066 3338 tribuno
