2372 3918
1143 283 1909 305 mmssfflmssm

606 293 676 314 ww

735 476 1381 635 CLAUDIUS.
1429 641 1433 644 ,

219 1111 264 1165 Ι.
309 1061 571 1166 PATREM
606 1105 823 1164 Claudii
865 1106 1092 1165 Caesaris
1118 1106 1392 1178 Drusum,
1431 1102 1563 1162 olim
1597 1103 1918 1175 Decimum,

219 1225 347 1264 mox
389 1210 662 1266 Neronem
693 1209 1052 1286 praenomine,
1080 1208 1263 1280 Livia,
1300 1227 1472 1284 quum
1506 1208 1754 1284 Augusto
1789 1224 1915 1282 gra-

218 1307 344 1365 vida
382 1309 674 1386 nupsisset,
717 1310 860 1365 intra
896 1328 1134 1365 mensem
1159 1307 1381 1363 tertium
1419 1307 1630 1384 peperit
1659 1326 1672 1361 τ
1707 1304 1917 1381 fuitque

221 1408 480 1487 suspici0,
530 1429 596 1464 ex
636 1409 834 1465 vitrico
875 1429 974 1486 per
1013 1406 1265 1464 adulterii
1301 1405 1750 1463 consuetudinem
1789 1425 1920 1484 pro-

221 1519 478 1564 creatum.
511 1508 705 1564 Statim
733 1520 877 1564 certe
902 1506 1154 1585 vulgatus
1174 1519 1256 1563 est
1281 1527 1470 1563 versus
1498 1527 1512 1562 τ

479 1668 569 1716 Τοῖς
589 1668 794 1722 εὐτυχοῦσι
811 1665 881 1708 καὶ
899 1665 1070 1722 τρίμηνα
1089 1661 1255 1708 παιδία..

225 1797 278 1852 Is
301 1797 516 1852 Drusus
544 1794 601 1849 in
635 1804 919 1869 quaesturae
940 1804 1296 1869 praeturaeque
1321 1792 1531 1848 honore
1560 1791 1671 1848 dux
1690 1793 1925 1865 rhaetici‚

226 1893 423 1950 deinde
458 1892 754 1970 germanici
782 1890 937 1964 belli,
963 1895 1245 1949 Oceanum
1274 1890 1770 1970 septemtrionalem
1813 1893 1926 1970 pri-

224 2003 346 2049 mus
379 2012 731 2051 romanorum
756 1990 954 2048 ducum
993 1991 1271 2069 navigavit
1303 2012 1315 2047 :
1354 2003 1503 2047 trans
1531 1991 1786 2047 Rhenum
1819 1992 1929 2048 fos-

224 2113 310 2149 sas
355 2092 484 2148 novi
535 2103 590 2150 et
634 2086 883 2148 immensi
918 2092 1100 2170 operis
1139 2091 1341 2164 effecit,
1386 2111 1507 2168 quae
1548 2111 1697 2147 nunc
1748 2091 1929 2148 adhuc

224 2193 495 2249 Drusinae
515 2203 782 2249 vocantur
812 2212 826 2247 ε
856 2192 1067 2248 hostem
1085 2192 1249 2248 etiam
1279 2192 1590 2268 frequenter
1608 2211 1804 2248 caesum
1822 2233 1838 2262 ‚
1865 2212 1955 2247 ac·

224 2293 445 2370 penitus
478 2293 534 2348 in
560 2293 775 2349 intimas
802 2290 1122 2350 solitudines
1148 2305 1357 2365 actum,
1389 2313 1501 2349 non
1532 2293 1684 2370 prius
1724 2292 1932 2349 destitit

226 2392 465 2470 insequi,
507 2413 671 2469 quam
725 2393 932 2469 species
971 2392 1216 2449 harbarae
1243 2391 1512 2466 mulieriS,
1543 2393 1783 2449 humana
1813 2414 1928 2449 am-

225 2490 394 2570 plior,
421 2492 685 2549 victorem
706 2491 929 2548 tendere
948 2490 1122 2560 ultra,
1149 2513 1396 2550 sermone
1417 2491 1590 2549 latino
1621 2492 1933 2569 prohibuis-

228 2603 325 2647 set.
365 2593 520 2665 Quas
561 2590 632 2648 ob
668 2611 754 2648 res
784 2590 985 2649 ovandi
1012 2591 1101 2669 jus
1139 2602 1193 2648 et
1234 2591 1585 2670 triumphalia
1610 2603 1935 2648 ornamenta

228 2691 497 2769 percepit3
535 2711 598 2748 ac
643 2703 768 2768 post
811 2702 1105 2770 praeturam
1136 2691 1421 2748 confestim
1450 2692 1586 2748 inito
1611 2690 1898 2757 consulatu
1917 2734 1933 2763 ,

231 2802 392 2866 atque
417 2789 758 2867 expeditione
781 2791 1035 2867 repetita,
1064 2811 1379 2868 supremum
1406 2791 1552 2848 diem
1579 2792 1772 2848 morbo
1797 2791 1934 2848 obiit

231 2892 290 2947 in
329 2890 528 2946 aestivis
575 2890 791 2962 castriS,
824 2910 942 2966 quoe
972 2910 1037 2946 ex
1062 2910 1127 2947 eo
1157 2890 1433 2973 Scelerata
1469 2903 1601 2965 sunt
1636 2889 1927 2969 appellata.

233 2992 448 3067 Corpus
471 2988 586 3065 ejus
610 3009 708 3067 per
731 2989 1155 3066 municipiorum
1177 2988 1623 3068 coloniarumque
1647 2992 1933 3068 primores,

233 3088 650 3166 suscipientibus
682 3088 855 3146 obviis
880 3089 1178 3145 scribarum
1205 3088 1468 3159 decuriis,
1498 3089 1568 3146 ad
1589 3090 1800 3148 Urbem
1832 3090 1928 3146 de-

234 3202 474 3259 vectum,
520 3187 900 3266 sepultumque
954 3201 1034 3246 est
1077 3191 1133 3246 in
1178 3210 1370 3267 campo
1418 3190 1639 3246 Martio,
1679 3193 1936 3248 Ceterum

237 3290 498 3362 exercitus
533 3288 887 3346 honorarium
909 3289 958 3345 ei
986 3284 1258 3346 tumulum
1297 3289 1575 3362 excitavit,
1604 3290 1744 3347 circa
1771 3312 1934 3369 quem
