2372 3918
1029 251 1211 298 NERO.
1872 255 1961 310 243

282 366 504 423 omnino
531 363 752 434 darent,
778 358 1046 438 praebente
1073 355 1263 411 oerario
1287 355 1522 433 gratuita
1547 376 1560 410 ε
1591 368 1756 433 utque
1782 378 1964 415 rerum

281 477 406 523 actu
432 464 500 521 ab
527 463 715 519 aerario
743 476 914 516 causae
942 454 1012 512 ad
1040 457 1241 511 Forum
1270 473 1334 510 ac
1360 466 1761 532 recuperatores
1791 469 1966 515 trans·

281 565 551 622 ferrentur
577 582 591 618 :
621 571 676 617 et
701 569 762 615 ut
797 574 984 612 omnes
1012 551 1398 631 appellationes
1427 573 1460 609 a
1481 552 1756 630 judicibus
1785 555 1853 611 ad
1884 577 1966 613 se-

281 676 466 721 natum
494 662 696 719 fierent.
1205 640 1209 647 ⁶
1960 648 1963 651 Α

358 763 560 820 XVIII.
585 754 830 835 Augendi
856 753 1298 832 propagandique
1327 754 1538 831 imperii
1569 773 1744 831 neque
1775 753 1967 811 volun-

280 874 389 918 tate
418 858 558 930 ulla,
585 876 761 933 neque
780 875 874 933 spe
902 865 1081 910 motus
1102 874 1343 931 unquam
1362 896 1377 924 ,
1405 855 1565 910 etiam
1591 874 1657 912 ex
1685 854 1966 911 Britannia

282 959 543 1017 deducere
577 955 868 1013 exercitum
908 954 1165 1031 cogitavit
1192 974 1207 1010 ε
1241 973 1340 1009 nec
1368 954 1471 1009 nisi
1509 952 1866 1027 verecundia,
1894 975 1965 1010 ne

277 1059 576 1114 obtrectare
594 1055 829 1132 parentis
856 1052 1039 1131 gloriae
1065 1052 1353 1123 videretur,
1374 1052 1593 1109 destitit.
1618 1054 1778 1109 Ponti
1801 1053 1965 1110 modo

276 1178 501 1235 regnum
519 1199 534 1228 ,
567 1154 894 1212 concedente
921 1153 1237 1225 Polemone,
1267 1154 1396 1210 item
1422 1152 1643 1231 Alpium
1660 1195 1677 1226 ‚
1708 1153 1964 1211 defuncto

275 1258 487 1328 Cottio,
515 1257 571 1311 in
602 1256 888 1333 provinciae
915 1255 1141 1310 formam
1168 1252 1390 1331 redegit.

354 1359 504 1412 XIX.
539 1354 1001 1432 Peregrinationes
1027 1354 1162 1409 duas
1197 1356 1420 1415 omnino
1449 1356 1717 1431 suscepit,
1747 1355 1965 1412 alexan-

276 1455 487 1511 drinam
520 1466 575 1511 et
609 1455 881 1512 achaicam
914 1475 926 1510 :
960 1453 1053 1511 sed
1083 1452 1431 1510 alexandrina
1462 1456 1578 1531 ipso
1618 1454 1966 1532 profectionis

277 1554 362 1610 die
396 1553 634 1624 destitit,
666 1554 913 1610 turbatus
949 1552 1208 1630 religione
1238 1551 1396 1608 simul
1434 1574 1498 1609 ac
1535 1553 1789 1630 periculo.
1823 1557 1965 1612 Nam

214 1719 218 1724 ,
275 1654 513 1709 circuitis
547 1651 759 1729 templis
792 1673 960 1728 quum
989 1653 1045 1707 in
1073 1652 1184 1707 aede
1210 1655 1387 1709 Vestoe
1413 1651 1719 1725 resedisset,
1751 1674 1967 1709 consur-

275 1752 422 1828 genti
453 1752 502 1806 ei
542 1753 778 1828 primum
818 1750 1012 1807 lacinia
1042 1751 1265 1806 obhaesit
1295 1773 1308 1806 :
1342 1750 1538 1806 deinde
1581 1764 1734 1808 tanta
1771 1754 1965 1809 oborta

273 1849 445 1927 caligo
476 1863 587 1922 est,
620 1862 683 1906 ut
714 1850 980 1927 dispicere
1006 1871 1116 1906 non
1149 1862 1346 1928 posset.
1378 1854 1441 1907 In
1475 1852 1674 1907 Achaia
1705 1853 1966 1908 isthmum

273 1949 553 2026 perfodere
587 1970 900 2027 aggressuS,
939 1952 1291 2026 praetorianos
1332 1971 1434 2027 pro
1468 1952 1727 2007 concione
1774 1952 1843 2007 ad
1887 1953 1967 2008 in-

273 2048 580 2105 choandum
624 2070 764 2125 opus
807 2050 1119 2105 cohortatus
1165 2062 1291 2120 est3'
1318 2050 1558 2126 tubaque
1602 2052 1758 2127 signo
1805 2051 1965 2123 dat0,

274 2148 480 2224 primus
523 2147 740 2205 rastello
779 2149 1008 2205 humum
1042 2148 1259 2222 effodit,
1295 2162 1348 2206 et
1388 2149 1622 2206 corbulae
1657 2164 1965 2229 congestam

276 2248 512 2303 humeris
537 2246 744 2303 extulit.
774 2248 1006 2304 Parabat
1031 2261 1083 2304 et
1115 2249 1436 2324 adCaspias
1461 2262 1644 2326 portas
1674 2251 1967 2327 expeditio·

275 2366 428 2416 nem,
456 2349 760 2424 conscripta
787 2367 851 2402 ex
875 2347 1066 2404 italicis
1094 2367 1282 2403 senum
1310 2347 1510 2425 pedum
1535 2350 1802 2406 tironibus
1825 2371 1967 2406 nova

276 2444 515 2524 legione,
544 2466 707 2523 quam
740 2449 928 2523 Magni
961 2446 1252 2504 Alexandri
1285 2446 1604 2526 phalangem
1639 2448 1966 2526 appellabat.

275 2548 402 2600 Haec
429 2546 626 2621 partim
656 2544 802 2602 nulla
834 2546 1282 2623 reprehensione,
1318 2548 1513 2623 partim
1535 2549 1695 2604 etiam
1717 2570 1827 2605 non
1859 2569 1971 2605 me·

278 2642 448 2699 diocri
486 2642 643 2700 laude
685 2643 848 2721 digna
890 2644 946 2700 in
985 2665 1152 2701 unum
1187 2645 1428 2718 contuli,
1466 2659 1527 2702 ut
1568 2667 1899 2705 secernerem
1936 2669 1965 2703 a

278 2742 490 2818 probris
515 2762 578 2799 ac
602 2741 892 2799 sceleribus
923 2745 1062 2819 ejus,
1089 2744 1156 2799 de
1187 2746 1384 2820 quibus
1415 2745 1610 2803 dehinc
1639 2747 1830 2803 dicam.

356 2842 478 2895 XX.
513 2843 662 2899 Inter
682 2853 885 2897 ceteras
912 2840 1219 2919 disciplinas
1251 2845 1492 2919 pueritiae
1524 2857 1765 2922 tempore
1798 2846 1968 2902 imbu-

278 2952 365 2996 tus
388 2952 442 2996 et
466 2942 692 3013 musica,
724 2942 902 2998 statim
923 2954 985 2998 ut
1011 2943 1295 3019 imperium
1313 2942 1541 3020 adeptus
1557 2955 1667 3013 est,
1689 2948 1966 3023 Terpnum

278 3040 633 3097 citharoedum
654 3084 668 3113 ,
697 3042 963 3120 vigentem
990 3054 1120 3099 tunc
1145 3055 1333 3120 praeter
1352 3042 1836 3117 ali08,arcessivit;
1865 3044 1972 3100 die·

277 3139 485 3216 busque
527 3142 795 3197 continuis
831 3154 953 3219 post
990 3163 1197 3199 coenam
1247 3145 1460 3200 canenti
1515 3145 1567 3199 in
1606 3142 1830 3200 multam
1872 3164 1970 3200 no-

280 3249 418 3296 ctem
447 3239 710 3313 assidenS,
728 3239 987 3317 paulatim
1007 3253 1059 3299 et
1081 3242 1194 3320 ipse
1221 3242 1468 3299 meditari
1497 3240 1839 3318 exercerique
1865 3261 1966 3297 coe·

1645 3341 1733 3398 16.
