2372 3918
1078 269 1259 315 NERO.
1926 274 2019 333 269

307 376 564 456 plangere
583 378 846 458 inciperet
865 396 877 431 z
896 371 1062 431 modo
1084 373 1296 444 orabat,
1313 383 1373 428 ut
1395 393 1451 429 se
1472 372 1667 450 aliquis
1691 376 1758 431 ad
1784 390 2015 434 mortem

304 476 690 555 capessendam
714 473 961 553 exemplo
979 474 1197 552 juvaret
1221 495 1235 531 ε
1261 472 1534 531 interdum
1553 475 1838 551 segnitiem
1861 498 2014 534 suam

302 577 386 633 his
428 577 609 634 verbis
645 575 959 654 increpabat
988 595 1001 630 ε
1040 598 1069 627 «
1091 574 1236 631 Vivo
1279 573 1595 631 deformiter
1630 594 1693 631 ac
1733 578 1970 654 turpiter
2001 601 2012 634 ε

302 676 359 735 οὐ
401 671 568 751 πρέπει
607 669 829 750 Νὲρωνι,
865 673 917 734 οὗ
960 668 1150 750 πρέπει·
1187 670 1358 748 νήφειν
1391 678 1476 732 Σεῖ
1516 673 1567 732 ἓν
1611 684 1712 739 τοῖς
1758 670 2012 742 τοιούτοις·

302 774 402 846 ἶέγε
433 771 599 853 ’ἔγειρε
634 770 861 837 σεαυτὸν.
884 801 912 830 n
941 778 1171 853 Jamque
1211 776 1422 853 equites
1461 777 2013 854 appropinquabant,

300 880 498 956 quibus
514 890 844 957 praeceptum
861 889 980 934 erat
994 919 1010 949 ,
1030 889 1092 934 ut
1113 877 1300 933 vivum
1321 897 1447 934 eum
1465 864 1822 934 attraherent.
1846 878 2014 951 Quod

298 992 362 1037 ut
380 976 547 1036 sensit
563 1023 578 1048 ‚
606 977 946 1056 trepidanter
973 976 1173 1035 effatus
1189 1021 1205 1050 ,

518 1130 656 1183 Ῐππων
688 1144 728 1197 μ’
758 1135 979 1183 ὠκυπόδων
1014 1137 1118 1197 ἀμφὶ
1143 1140 1293 1188 κτύπος
1321 1139 1450 1181 οὔατα
1475 1139 1636 1191 βάλλει,

295 1270 501 1327 ferrum
535 1267 731 1347 jugulo
778 1268 995 1347 adegit,
1029 1269 1257 1345 juvante
1299 1266 1683 1346 Epaphrodito
1720 1288 1751 1324 a
1797 1267 2009 1327 libellis.

295 1369 747 1446 Semianimisque
773 1367 954 1426 adhuc
981 1368 1308 1445 irrumpenti
1336 1367 1675 1434 centurioni,
1694 1380 1773 1439 et,
1797 1369 2012 1446 paenula

294 1471 364 1527 ad
386 1469 585 1528 vulnus
617 1470 895 1548 apposita,
911 1469 968 1525 in
988 1467 1252 1537 auxilium
1266 1488 1323 1524 se
1344 1470 1552 1524 venisse
1574 1467 1877 1542 simulanti,
1899 1491 2010 1526 non

295 1570 444 1628 aliud
465 1570 776 1648 respondit,
803 1590 968 1647 quam
994 1594 1021 1622 «
1036 1571 1200 1639 Sero,
1218 1592 1245 1621 n
1271 1581 1351 1641 et,
1381 1593 1407 1622 α
1423 1571 1552 1625 Haec
1583 1580 1663 1625 est
1693 1566 1850 1626 fides!
1870 1594 1897 1623 >2
1924 1573 2015 1628 At-

293 1672 487 1747 quein
518 1690 581 1727 ea
609 1689 741 1725 voce
770 1668 967 1725 defecit
984 1712 1000 1739 ‚
1029 1669 1369 1737 exstantibus
1388 1668 1806 1746 rigentibusque
1839 1669 2012 1726 oculis

294 1790 464 1848 usque
479 1770 549 1826 ad
569 1770 856 1827 horrorem
872 1768 1332 1845 formidinemque
1350 1768 1663 1825 visentium.
1686 1768 1841 1827 Nihil
1859 1772 2011 1849 prius

289 1883 384 1928 aut
418 1870 592 1949 magis
623 1890 655 1927 a
685 1869 978 1948 comitibus
1007 1880 1290 1947 exegerat,
1323 1887 1489 1946 quam
1522 1889 1591 1925 ne
1626 1880 1864 1946 potestas
1898 1874 2012 1928 cui·

285 1992 451 2049 quam
492 1971 686 2049 capitis
723 1971 810 2027 sui
850 1970 1042 2042 fieret3
1090 1970 1319 2043 sedut,
1360 1991 1586 2048 quoquo
1626 1971 1818 2044 mod0‚
1860 1985 2009 2030 totus

286 2084 642 2129 cremaretur.
673 2072 927 2128 Permisit
969 2071 1076 2128 hoc
1110 2070 1319 2144 IceluS,
1359 2070 1551 2129 Galbae
1596 2070 1825 2130 libertus
1845 2117 1861 2143 ,
1897 2095 2009 2132 non

291 2171 463 2229 multo
507 2184 634 2229 ante
674 2170 907 2229 vinculis
944 2170 1257 2243 exsolutuS,
1292 2173 1348 2228 in
1387 2192 1509 2249 quae
1548 2174 1729 2250 primo
1768 2174 2009 2232 tumultu

287 2274 563 2351 conjectus
589 2272 783 2346 fuerat.

311 2443 313 2446 Α
366 2377 429 2431 L.
464 2377 769 2431 Funeratus
793 2386 877 2431 est
907 2375 1153 2452 impensa
1182 2374 1551 2432 ducentorum
1581 2375 1845 2449 millium,
1875 2391 2010 2435 stra-

289 2472 430 2553 gulis
463 2473 600 2531 albis
630 2494 767 2531 auro
804 2475 1054 2547 intextiS,
1083 2474 1285 2551 quibus
1323 2496 1454 2532 usus
1490 2474 1740 2533 kalendis
1767 2478 2007 2555 januarii

287 2575 478 2631 fuerat.
497 2573 777 2652 Reliquias
807 2573 1012 2653 Ecloge
1039 2588 1093 2632 et
1120 2574 1428 2632 Alexandra
1445 2578 1686 2634 nutrices
1712 2599 1839 2636 cum
1873 2582 2009 2636 Acte

288 2675 593 2732 concubina
613 2674 804 2753 gentili
829 2676 1203 2733 Domitiorum
1230 2690 1588 2734 monumento
1613 2677 2007 2752 condiderunt,

286 2774 433 2852 quod
467 2776 799 2853 prospicitur
826 2796 857 2832 e
880 2796 1076 2854 campo
1109 2777 1339 2848 Marti0,
1373 2778 1692 2856 impositum
1721 2779 1848 2837 colli
1883 2781 2008 2837 hor-

285 2888 488 2932 torum.
519 2876 584 2930 In
623 2895 689 2931 eo
718 2888 1091 2932 monumento
1129 2873 1326 2932 solium
1362 2878 1739 2955 Porphyretici
1772 2900 2008 2938 marmo-

285 2977 360 3032 ris
379 3018 396 3050 ,
432 2986 771 3053 superstante
813 2976 1056 3033 Lunensi
1087 2996 1213 3046 ara,
1241 2978 1663 3055 circumseptum
1694 2992 1774 3037 est
1827 2979 2008 3058 lapide

283 3076 502 3134 Thasio.

363 3179 454 3234 LI.
487 3179 706 3234 Statura
732 3176 835 3234 fuit
864 3199 1035 3257 prope
1051 3180 1229 3256 justa,
1257 3202 1488 3259 corpore
1507 3181 1787 3239 maculoso
1820 3194 1873 3239 et
1908 3183 2003 3239 foe-

287 3276 436 3350 tido;
467 3276 698 3334 sufflavo
739 3276 964 3355 capillo,
1004 3278 1159 3337 vultu
1199 3280 1430 3358 pulchro
1470 3282 1673 3359 magiS‚
1706 3303 1871 3359 quam
1913 3304 2005 3341 ve-
