2372 3918
1060 241 1239 287 NERO.
1916 241 2007 286 265

304 351 521 427 recepit.
570 352 787 406 Partem
834 345 997 402 etiam
1044 363 1235 399 census
1279 363 1467 399 omnes
1517 344 1731 401 ordines
1765 346 2012 402 conferre

298 451 458 526 jussit
492 471 505 505 z
551 462 603 506 et
652 449 873 524 insuper
913 441 1208 521 inquilinos
1243 446 1579 522 privatarum
1619 444 1814 501 aedium
1845 459 2011 523 atque

302 548 602 606 insularum
637 546 951 626 pensionem
986 564 1225 600 annuam
1257 555 1642 621 repraesentare
1674 543 1803 601 fisco
1834 567 1847 600 ε
1888 567 2011 601 exc-

305 650 492 727 gitque
525 648 732 728 ingenti
759 644 977 708 fastidio
1003 657 1058 700 et
1085 644 1379 702 acerbitate
1407 663 1695 700 nummum
1730 664 2011 721 asperum,

305 762 595 829 argentum
616 745 952 825 pustulatum
971 787 986 818 ,
1008 765 1205 801 aurum
1231 743 1301 801 ad
1323 743 1612 801 obrussam
1639 765 1653 800 :
1680 754 1743 800 ut
1767 742 2013 821 plerique

305 870 524 907 omnem
570 845 918 904 collationem
958 843 1139 923 palam
1177 856 1522 916 recusarent,
1557 864 1830 902 consensu
1862 844 2012 922 flagi-

304 963 506 1023 tantes,
536 973 563 1003 «
587 970 621 1006 a
659 940 994 1008 delatoribus
1028 947 1213 1025 potins
1251 946 1554 1004 revocanda
1597 946 1846 1024 praemia,
1867 967 2014 1023 quae-

298 1070 514 1128 cunque
538 1050 823 1127 cepissent.
843 1073 872 1102 »
1516 1110 1518 1112 ,

375 1152 547 1208 XLV.
578 1152 662 1207 Ex
702 1169 934 1206 annonae
979 1169 1199 1227 quoque
1244 1149 1471 1206 caritate
1503 1146 1788 1228 [lucranti]
1832 1169 2013 1206 accre-

301 1253 383 1309 vit
424 1249 647 1307 invidia.
693 1251 838 1308 Nam
881 1261 937 1306 et
980 1249 1120 1306 forte
1156 1249 1388 1320 accidit,
1431 1261 1490 1306 ut
1523 1250 1579 1305 in
1612 1248 1830 1327 publica
1871 1248 2014 1306 fame

300 1350 657 1409 alexandrina
700 1351 852 1406 navis
912 1350 1268 1407 nunciaretur
1316 1347 1596 1427 pulverem
1657 1348 2015 1406 luctatoribus

303 1450 494 1509 aulicis
537 1450 830 1508 advexisse.
879 1451 1067 1524 Quare
1114 1451 1360 1508 omnium
1406 1453 1463 1508 in
1497 1472 1554 1508 se
1591 1449 1719 1507 odio
1756 1452 2014 1518 incitato,

298 1551 436 1611 nihil
464 1550 919 1609 contumeliarum
948 1550 1151 1622 defuit,
1181 1553 1315 1628 quin
1341 1552 1566 1611 subiret.
1594 1554 1800 1609 Statuae
1837 1552 1953 1629 ejus
1984 1574 2016 1608 a

296 1652 497 1709 vertice
544 1652 721 1708 cirrus
771 1651 1055 1728 appositus
1107 1663 1189 1706 est
1214 1671 1359 1716 *cum
1408 1653 1763 1730 inscriptione
1807 1673 2014 1729 graeca,

293 1777 321 1805 α
339 1753 504 1808 Νυηο
524 1749 745 1807 demum
772 1770 950 1828 agona
979 1769 1122 1823 esse,
1139 1773 1166 1802 »
1195 1762 1251 1806 et
1278 1750 1586 1807 «Traderet
1609 1750 1846 1807 tandem.
1865 1776 1894 1804 2>
1923 1751 2016 1809 Al-

294 1853 464 1909 terius
516 1849 658 1907 collo
703 1862 757 1907 et
810 1869 1070 1927 ascopera
1122 1848 1361 1928 deligata
1381 1894 1397 1924 ‚
1451 1850 1723 1928 simulque
1775 1851 1968 1909 titulus
2002 1875 2013 1907 :

293 1956 455 2032 «Ego
486 1952 620 2030 quid
655 1950 848 2030 potui?
883 1951 980 2008 sed
1010 1965 1072 2009 tu
1099 1949 1318 2007 culeum
1348 1951 1618 2008 meruisti.
1638 1976 1664 2005 >³
1700 1953 2015 2031 Ascriptum

294 2066 346 2110 et
368 2051 665 2127 columnis,
689 2077 717 2106 «
732 2055 853 2109 Jam
875 2051 1064 2111 Gallos
1093 2073 1216 2109 eum
1245 2051 1522 2110 cantando
1550 2051 1824 2109 excitasse.
1843 2079 1870 2107 »
1892 2056 1923 2110 J
1926 2074 2012 2110 am

295 2154 548 2211 noctibus
570 2153 757 2231 jurgia
790 2173 917 2210 cum
953 2153 1124 2210 servis
1159 2151 1408 2231 plerique
1442 2150 1787 2226 simulanteS,
1818 2154 2015 2210 crebro

293 2254 567 2335 vindicem
603 2253 921 2332 poscebant.
1655 2250 1657 2252 ’

336 2345 355 2367 “
374 2358 577 2413 XLVI.
608 2355 944 2412 Terrebatur
972 2355 1042 2412 ad
1069 2354 1176 2412 hoc
1201 2354 1546 2413 evidentibus
1574 2357 1849 2434 portentis
1875 2356 2023 2413 som-'

298 2457 516 2513 niorum
553 2467 608 2512 et
651 2455 1023 2533 auspiciorum
1068 2468 1124 2512 et
1162 2456 1440 2528 ominum,
1492 2476 1664 2533 quum
1708 2457 2017 2528 veteribus,

298 2569 414 2612 tum
442 2555 615 2612 novis.
643 2556 947 2632 Nunquam
976 2567 1137 2612 antea
1168 2555 1443 2612 somniare
1475 2554 1693 2629 solituS,
1720 2557 1899 2614 occisa
1925 2557 2019 2614 de-

298 2677 449 2713 mum
479 2666 678 2728 matre,
715 2654 853 2712 vidit
880 2676 981 2733 per
1011 2656 1281 2739 quietem,
1313 2676 1510 2713 navem
1541 2657 1646 2713 sibi
1675 2660 1888 2736 regenti
1922 2679 2017 2715 ex-

298 2768 506 2813 tortum
536 2753 1001 2834 gubernaculum;
1030 2755 1281 2833 trahique
1311 2776 1368 2812 se
1395 2757 1465 2813 ab
1491 2758 1723 2814 Octavia
1756 2778 1927 2815 uxore
1960 2760 2015 2815 in

297 2856 592 2913 artissimas
637 2855 890 2912 tenebras
920 2877 933 2912 ε
971 2866 1025 2911 et
1056 2854 1222 2912 modo
1251 2868 1615 2932 pennatarum
1661 2857 2014 2915 formicarum

299 2954 653 3013 multitudine
697 2954 940 3033 oppleri,
985 2955 1150 3012 modo
1197 2976 1228 3011 a
1275 2953 1577 3014 simulacris
1615 2959 1898 3035 gentium,
1946 2958 2016 3015 ad

298 3057 545 3135 Pompeii
562 3055 839 3112 theatrum
857 3054 1252 3126 dedicatarum,
1274 3056 1574 3128 circumiri‚'
1592 3058 1876 3136 arcerique
1892 3080 2016 3136 pro·

299 3177 515 3236 gressu3
542 3159 906 3214 Asturconem
923 3199 940 3229 ,
961 3177 1072 3233 quo
1094 3157 1334 3213 maxime
1367 3155 1653 3213 laetabatur
1669 3201 1684 3226 ‚
1714 3159 2015 3236 posteriore

300 3257 544 3335 corporis
575 3268 728 3334 parte
757 3257 812 3313 in
839 3256 1008 3314 simiae
1034 3258 1268 3334 speciem
1296 3256 1775 3334 transfiguratum,
1806 3280 1868 3315 ac
1899 3272 2015 3316 tau-
