2372 3918
742 246 810 291 IN
845 246 1155 292 TIBERIUM
1189 245 1517 291 NERONEM.
1913 261 1940 291 a
1953 262 1967 291 1
1980 243 2005 290 3

326 342 495 388 Rediit.
519 341 693 400 Tacit.,
716 344 891 388 Annal.
908 375 924 398 ,
951 359 996 399 v,
1037 358 1055 388 1
1075 377 1087 399 ,
1115 357 1141 387 2
1172 358 1182 386 :
1202 361 1222 383 οι
1244 340 1341 401 Qui
1362 339 1445 404 (sc.
1471 340 1693 388 Tiberius
1718 343 2013 407 Nero)bello

257 419 486 480 perusino
533 420 793 483 profugus,
832 434 951 481 pace
985 418 1111 465 inter
1153 420 1283 466 Sext.
1328 418 1612 479 Pompeium
1646 434 1701 465 ac
1739 419 2018 468 triumviros

257 505 421 557 pacta,
445 499 496 544 in
515 498 696 545 Urbem
718 496 875 544 rediit.
894 516 920 540 n

325 577 552 638 Augusto.
577 574 702 622 Vide
729 590 834 635 sup.
860 577 1059 637 August.
1076 608 1090 630 ‚
1121 590 1241 621 Lxu.

325 653 435 699 Cn.
459 656 518 700 V.
554 655 612 698 In
650 652 858 699 Palatio.
891 653 950 697 H.
976 667 1016 697 e.
1042 651 1092 697 in
1114 650 1281 698 Palatii
1304 650 1524 714 regione,
1547 650 1659 698 vide
1683 652 1822 708 ibid„
1847 670 1890 699 v.

329 729 616 777 Consulibus.
645 730 703 776 A.
730 730 790 776 U.
820 743 928 788 712.

327 808 436 852 Cn.
479 808 562 853 VI.
598 806 894 852 Exerctham
923 806 1001 853 Sic
1033 805 1176 862 Plin.,
1212 806 1395 868 Paneg.
1411 839 1427 861 ,
1466 820 1647 852 uxxvr
1690 821 1701 850 ε
1735 826 1755 847 «
1777 806 2014 869 Intelligi-

253 899 381 942 mus,
405 884 571 942 Caesar,
601 892 835 945 quantum
858 883 947 929 tibi
981 899 1075 944 pro
1097 882 1339 929 laboriosa
1368 882 1446 927 illa
1485 879 1691 928 statione
1722 890 1769 928 et
1804 882 2013 930 exercita

255 959 561 1007 debeamus.»

321 1040 485 1101 Fugoe.
517 1040 639 1085 Vell.
651 1073 664 1098 ,
700 1055 774 1096 11,
809 1038 900 1098 75,
941 1040 967 1086 3
1006 1056 1018 1086 τ
1049 1060 1068 1081 α
1093 1039 1229 1085 Livia
1263 1039 1454 1102 fugiens
1484 1053 1599 1084 mox
1629 1038 1778 1087 futuri
1809 1040 1882 1087 sui
1907 1042 2013 1088 Cae-

253 1114 368 1162 saris
384 1131 540 1175 arma,
555 1117 638 1162 vix
653 1115 837 1162 bimum
849 1118 979 1163 hunc
1003 1117 1251 1164 Tiberium
1267 1117 1543 1167 Caesarem...
1569 1125 1758 1179 gestans
1780 1117 1910 1177 sinu,
1924 1134 2010 1179 per

252 1192 356 1239 avia
371 1193 622 1253 itinerum,
646 1194 806 1240 vitatis
829 1195 1035 1242 militum
1049 1195 1241 1259 gladiis,
1266 1211 1368 1241 uno
1393 1194 1651 1241 comitante
1665 1229 1679 1253 ,
1705 1211 1806 1257 quo
1829 1196 2012 1243 facilius

252 1271 572 1317 occultaretur
609 1271 745 1333 fuga,
768 1273 990 1334 pervenit
1024 1272 1088 1319 ad
1119 1289 1274 1331 mare,
1300 1282 1347 1318 et
1379 1288 1489 1318 cum
1526 1271 1633 1317 viro
1673 1273 1870 1319 Nerone
1894 1289 2010 1335 per-

211 1379 215 1383 ·
251 1356 386 1394 vecta
407 1347 460 1394 in
483 1348 691 1395 Siciliam
721 1359 805 1395 est.
825 1370 846 1392 »

319 1426 390 1471 M.
420 1427 595 1472 Gallio.
628 1426 747 1486 Quis
776 1427 922 1474 fuerit
953 1428 1137 1474 Gallius
1160 1428 1240 1474 ille
1269 1428 1520 1475 incertum.

322 1505 523 1550 Nomine
547 1505 783 1550 abstinuit.
809 1506 868 1551 H.
895 1522 936 1552 e.
963 1506 1289 1552 haereditatem
1314 1505 1602 1567 repudiavit.

330 1582 597 1643 Triumpho.
622 1584 681 1628 A.
705 1584 764 1629 U.
798 1581 907 1642 725.
934 1582 1059 1628 Vide
1092 1598 1236 1643 supra
1262 1586 1490 1645 August„
1518 1600 1646 1630 xxu.

321 1660 498 1704 Funali
531 1675 662 1721 equo.
703 1684 767 1694 ——
805 1661 1003 1705 Funulis
1035 1675 1188 1721 equus
1217 1669 1347 1718 erat,
1381 1659 1466 1722 qui
1500 1670 1634 1708 extra
1674 1661 1872 1723 jugum,
1913 1660 2011 1706 sive

253 1744 389 1794 ante,
420 1736 518 1782 sive
547 1752 574 1782 a
603 1738 750 1783 latere
773 1737 1080 1800 jungebatur.

319 1815 387 1860 Et
414 1812 646 1872 Trojanis.
676 1815 807 1860 Nihil
834 1814 1130 1861 difficultatis
1167 1815 1214 1859 h.
1241 1817 1270 1860 l.
1298 1815 1558 1876 supererit,
1583 1815 1649 1874 si,
1680 1823 1909 1861 monente
1940 1816 2009 1862 Cl.

252 1893 411 1948 Hasc,
451 1901 635 1938 resecto
669 1902 716 1938 et
748 1894 875 1956 legas
919 1909 932 1937 :
973 1913 992 1934 «
1022 1891 1244 1951 Trojanis
1286 1891 1589 1939 Circensibus
1624 1892 1800 1939 ductor
1844 1880 2011 1938 turmae

249 1983 512 2030 puerorum
535 1969 787 2029 majorum.
814 1990 834 2011 »

320 2047 430 2094 Cn.
456 2048 561 2094 VII.
589 2047 844 2093 Rudz‘aricls.
880 2048 939 2093 H.
970 2062 1009 2092 e.
1038 2046 1162 2092 rude
1193 2046 1384 2093 donatis
1420 2062 1431 2092 ε
1470 2047 1532 2092 ad
1572 2062 1764 2093 arenam
1793 2048 2011 2093 revocari

250 2139 349 2169 non
372 2133 598 2185 poterant
620 2124 774 2170 inviti.
800 2125 988 2171 Idcirco
1016 2124 1240 2170 Tiberius
1269 2140 1447 2186 magno
1471 2124 1632 2186 pretio
1665 2140 1770 2183 eos,
1806 2133 1861 2170 ut
1894 2134 2009 2185 pote

251 2200 560 2261 peritissimos
582 2201 801 2262 pellexit,
827 2210 883 2247 ut
906 2200 1050 2247 ludos
1081 2216 1192 2246 suos
1224 2201 1511 2248 celebriores
1542 2201 1782 2248 redderet.

323 2279 517 2325 Absens.
549 2278 676 2324 Vide
699 2294 841 2340 supra
866 2281 1066 2339 August.
1081 2311 1096 2333 ‚
1122 2294 1267 2325 xmu.

320 2356 575 2418 Epistoloe.
623 2358 812 2415 Senec.,
861 2356 999 2417 epist.
1053 2371 1139 2401 xxi
1182 2371 1193 2399 :
1240 2355 1403 2402 «Nihil
1447 2355 1517 2402 illi
1561 2354 1820 2416 profuisset
1864 2371 2011 2419 gener

254 2432 491 2496 Agrippa,
515 2442 562 2479 et
584 2433 809 2499 Tiberius,
838 2448 1095 2496 progener,
1127 2442 1176 2478 et
1209 2435 1396 2480 Drusus
1428 2434 1582 2480 Caesar
1607 2449 1853 2494 pronepos
1881 2450 1892 2478 z
1925 2433 2004 2479 in-

253 2521 326 2557 ter
350 2520 446 2557 tam
470 2527 642 2574 magna
665 2511 862 2558 nomina
892 2520 1146 2570 taceretur,
1170 2510 1261 2557 nisi
1287 2511 1457 2557 Cicero
1487 2511 1622 2558 illum
1647 2510 2007 2572 applicuisset.»

318 2590 511 2635 Mur-lto.
537 2591 722 2651 Nempe
745 2588 971 2652 Agrippa.
998 2588 1121 2635 Vide
1147 2591 1462 2650 Aug.‚1.x1u.

323 2667 637 2714 Tumentibus.
655 2667 765 2714 Scil.
790 2666 976 2714 obortis
998 2667 1241 2729 lacrymis,
1257 2666 1340 2712 sed
1356 2667 1573 2713 nondum
1591 2666 1777 2724 effusis»,
1792 2673 2005 2710 monent.

253 2746 506 2790 Burmann.

326 2821 626 2869 Custoditum.
664 2823 723 2870 H.
750 2840 790 2871 e.
827 2833 1033 2871 cautum.

329 2902 609 2961 Inter-cepto.
644 2903 799 2948 Intell.
825 2911 1034 2949 mortuo.

322 2978 506 3023 Amisit.
543 2979 691 3038 Vell.,
723 2996 792 3040 11,
817 2996 876 3042 97
922 2996 934 3026 ε
968 2999 992 3022 α
1011 2981 1220 3026 Drusum
1256 2994 1425 3042 magna
1461 2994 1521 3025 ex
1554 2986 1690 3040 parte
1722 2976 2006 3023 domitorem

253 3054 537 3115 Germaniae,
561 3057 771 3117 plurimo
797 3058 899 3118 ejus
923 3058 1077 3121 gentis
1100 3057 1243 3104 variis
1275 3057 1325 3102 in
1361 3056 1480 3102 locis
1500 3055 1716 3118 profuso
1746 3051 1976 3115 sanguine
1994 3086 2006 3108 ,

253 3132 464 3178 fatorum
501 3132 753 3195 iniquitas,
791 3138 1033 3182 consulem
1081 3144 1298 3198 agentem
1352 3150 1529 3181 annum
1577 3131 1871 3195 trigesimum
1921 3144 2005 3175 ra-

252 3209 370 3271 puit.
400 3231 418 3252 »
443 3211 519 3257 Ad
544 3228 687 3273 quem
723 3222 1035 3276 aegrotantem.
1065 3229 1206 3275 quam
1233 3211 1479 3259 celerrime
1510 3210 1756 3272 profectus
1781 3214 1895 3253 erat.
1934 3207 2006 3254 Cf.

252 3287 371 3333 Vn..
398 3290 548 3346 Max„
574 3306 618 3347 v,
647 3288 687 3337 5.
