2372 3918
1097 250 1282 297 NEROs
1934 268 2023 317 2147

338 370 640 413 revertar.»
685 362 949 416 Cantante
990 375 1087 425 e0,
1138 376 1203 410 ue
1252 357 1547 420 necessaria
1594 359 1810 432 quidem
1862 382 2023 419 causa

335 457 586 513 excedere
622 458 832 513 theatro
870 453 1076 511 licitum
1107 467 1239 510 erat.
1274 457 1461 531 Itaque
1500 468 1556 510 et
1581 458 1752 513 enixae
1777 461 2022 534 quaedam

334 556 387 609 in
420 555 732 632 spectaculis
759 553 1033 623 dicuntur,
1057 565 1109 609 et
1139 553 1294 610 multi
1327 553 1486 610 taedio
1513 554 1765 611 audiendi
1795 557 2019 616 laudan-

332 654 523 730 dique,
563 653 754 710 clausis
782 653 1110 731 oppidorum
1153 654 1353 730 portiS,
1396 666 1491 710 aut
1523 653 1709 710 furtim
1747 655 2023 715 desiluisse

331 752 397 808 de
441 772 625 824 muro,
659 765 752 808 aut
785 764 959 809 morte
999 752 1246 809 simulata
1287 753 1478 810 funere
1514 752 1656 810 elati.
1702 755 1884 826 Quam
1927 777 2022 812 au-

333 862 434 907 tem
465 850 670 928 trepide
709 854 972 928 anxieque
1003 854 1319 924 certaverit,
1348 865 1551 929 quanta
1588 852 2018 911 adversariorum

329 949 695 1022 aemulatione,
730 971 839 1028 quo
879 964 1027 1007 metu
1062 951 1327 1029 judicum,
1364 954 1452 1008 vix
1494 951 1638 1008 credi
1676 965 1871 1028 potest.
1909 956 2017 1011 Ad-

310 1050 613 1120 ‘versariOS,
658 1053 810 1127 quasi
843 1050 1002 1127 plane
1037 1051 1362 1109 conditionis
1399 1052 1664 1129 ejusdem,
1701 1053 2019 1124 observare,

326 1160 563 1225 captare,
595 1150 854 1206 infamare
879 1165 1084 1207 secreto
1103 1195 1118 1222 ,
1151 1172 1543 1228 nonnunquam
1563 1173 1625 1207 ex
1647 1172 1872 1208 occursu
1903 1174 2016 1209 ma-

326 1248 530 1305 ledictis
556 1250 849 1322 incessere,
886 1272 978 1324 ac,
1009 1253 1051 1307 si
1078 1253 1171 1329 qui
1205 1264 1320 1308 arte
1348 1251 1739 1329 praecellerent,
1772 1274 2015 1309 corrum-

330 1368 456 1425 pere
482 1350 644 1405 etiam
680 1349 902 1407 solebat.
934 1351 1146 1409 Judices
1187 1365 1362 1407 autem
1384 1395 1398 1422 ,
1430 1354 1580 1428 prius
1611 1369 1776 1428 ‘quam
1814 1354 2015 1430 incipe-

328 1460 435 1519 ret,
470 1451 898 1506 reverentissime
940 1449 1334 1527 alloquebatur,
1378 1476 1403 1503 «
1427 1453 1628 1507 Omnia
1674 1472 1729 1506 se
1773 1450 2018 1508 facienda

323 1547 541 1620 fecisse,
571 1549 663 1604 sed
706 1562 957 1606 eventum
994 1553 1049 1606 in
1094 1571 1257 1607 manu
1298 1571 1411 1606 esse
1444 1555 1695 1607 Fortunae
1727 1572 1740 1606 :
1775 1550 1917 1622 illos,
1962 1565 2016 1608 ut
2046 1546 2049 1549 ⁴

322 1647 590 1723 sapientes
620 1661 674 1704 et
712 1649 901 1705 doctos
943 1653 1113 1720 viros,
1148 1651 1369 1707 fortuita
1407 1651 1599 1706 debere
1636 1650 1922 1708 excludere
1952 1675 1963 1707 :
1992 1678 2016 1704 »

320 1757 512 1821 atque,
543 1759 605 1801 ut
634 1748 890 1818 auderet,
925 1749 1294 1818 hortantibus,
1326 1751 1559 1824 aequiore
1593 1733 1776 1805 animo
1807 1751 2015 1806 recede·

321 1845 446 1913 bat3
473 1865 536 1900 ac
566 1865 633 1901 ne
666 1847 741 1902 sic
772 1846 991 1922 quidem
1019 1848 1133 1902 sine
1166 1846 1556 1919 sollicitudine,
1587 1849 2015 1903 taciturnitatem

319 1944 689 2022 pudoremque
717 1947 1078 2023 quorumdam
1100 1967 1202 2024 pro
1232 1947 1450 2007 tristitia
1483 1960 1535 2003 et
1560 1947 1898 2024 malignitate
1926 1969 2014 2003 ar-

320 2064 490 2119 guens
508 2088 523 2117 ,
555 2058 936 2122 suspectosque
966 2047 1066 2102 sibi
1095 2047 1294 2102 dicenS.

322 2181 331 2187 -
399 2146 603 2200 XXIV.
637 2148 701 2200 In
741 2146 996 2202 certando
1030 2166 1161 2201 vero
1193 2148 1267 2202 ita
1296 2146 1398 2224 legi
1433 2147 1753 2217 obediebat,
1788 2160 1848 2203 ut
1878 2168 2016 2202 nun·

319 2264 482 2319 quam
512 2264 788 2300 exscreare
817 2265 1004 2317 ausuS,
1035 2245 1286 2302 sudorem
1319 2267 1536 2323 quoque
1570 2246 1765 2303 frontis
1795 2248 2016 2303 brachio

319 2343 622 2421 detergeret
654 2365 664 2399 :
701 2357 861 2420 atque
892 2347 1052 2402 etiam
1084 2347 1138 2401 in
1170 2347 1378 2423 tragico
1402 2346 1639 2422 quodam
1665 2360 1819 2416 actu,
1847 2368 2015 2423 quum

315 2441 563 2520 elapsum
599 2443 851 2500 baculum
879 2446 984 2500 cito
1018 2447 1380 2518 resumsisset,
1405 2445 1632 2522 pavidus
1660 2459 1713 2502 et
1739 2457 1982 2502 metuens
2001 2489 2015 2517 ,

319 2561 387 2596 ne
433 2542 503 2597 ob
554 2541 808 2599 delictum
861 2546 1153 2600 certamine
1196 2558 1643 2615 summoveretur,
1697 2566 1808 2600 non
1861 2545 2017 2601 aliter

321 2640 668 2698 confirmatus
687 2654 767 2698 est
784 2686 798 2712 ‚
822 2663 981 2719 quam
1003 2644 1286 2721 adjurante
1303 2646 1585 2722 hypocrita
1606 2687 1620 2713 ,
1647 2665 1754 2699 non
1779 2643 2015 2700 animad-

323 2760 534 2796 versum
564 2740 618 2796 id
642 2742 783 2797 inter
809 2742 1192 2799 exsultationes
1221 2744 1774 2820 succlamationesque
1804 2742 2010 2820 populi.

321 2842 597 2896 Victorem
634 2852 811 2897 autem
843 2862 897 2898 se
937 2843 1048 2919 ipse
1082 2844 1503 2919 pronunciabat;
1535 2864 1641 2920 qua
1669 2844 1736 2898 de
1765 2862 1927 2898 causa
1959 2856 2014 2898 et

320 2942 590 3016 praeconio
622 2940 824 3017 ubique
850 2942 1144 2998 contendit.
1181 2945 1258 2998 Ac
1291 2963 1358 2998 ne
1392 2943 1543 3019 cujus
1579 2941 1800 2998 alterius
1830 2942 2010 2997 hiero-

322 3042 564 3098 nicarum
594 3043 854 3098 memoria
882 3054 975 3099 aut
1009 3045 1290 3121 vestigium
1322 3055 1552 3099 exstaret
1584 3062 1810 3119 usquam
1831 3085 1846 3114 ,
1881 3043 2011 3098 sub-

314 3141 456 3196 ·verti
485 3152 538 3195 et
567 3161 711 3197 unco
743 3142 882 3198 trahi
916 3142 1182 3219 abjicique
1211 3144 1263 3198 in
1289 3140 1510 3198 latrinas
1542 3142 1783 3197 omnium
1811 3153 2011 3197 statuas

319 3250 370 3295 et
406 3241 690 3318 imagineS,
727 3242 1024 3319 imperavit.
1070 3244 1348 3320 Aurigavit
1388 3263 1604 3319 quoque
1639 3239 1971 3317 plurifariam
1995 3284 2009 3312 ,
