2372 3918
767 296 833 340 IN
872 295 1010 340 ocr.
1048 293 1411 338 Aucusrum.
1872 290 1958 351 193

222 390 540 451 hispanienses
569 389 800 437 exercitus
815 426 829 450 ,
864 389 1031 438 Caium
1077 395 1365 434 remeantem
1397 385 1625 433 Armenia
1639 419 1655 444 ‚
1686 394 1734 431 et
1762 388 1961 435 ualuere

222 464 483 515 invalidum
534 482 662 515 mors
709 467 808 514 fato
846 480 1053 529 propera
1069 501 1081 523 ,
1115 466 1191 511 vel
1232 479 1448 511 novercae
1485 461 1628 509 Liviae
1669 462 1811 510 dolus
1845 465 1991 513 abs-·

222 545 344 591 tulit.
374 566 395 587 ι
1302 542 1309 549 ’

289 622 559 685 Adoptauit.
584 621 729 683 Vell.,
753 637 795 668 11
814 655 829 680 ,
858 621 949 668 103
973 637 987 668 z
1020 641 1040 662 «
1057 621 1204 679 Quod
1237 629 1349 683 post
1386 620 1523 668 Lucii
1550 627 1782 680 mortem,
1808 618 1965 667 adhuc

224 698 338 747 Caio
371 701 508 760 vivo,
550 700 704 746 facere
736 700 975 757 voluerat,
1012 708 1156 760 atque
1192 699 1496 745 vehementer
1533 706 1831 760 repugnante
1867 699 1967 745 Ne—

222 793 368 836 rone,
393 787 494 825 erat
514 777 767 838 inhibitus,
790 786 900 839 post
924 776 1174 839 utriusque
1197 776 1567 824 adolescentium
1592 776 1779 822 obitum
1812 777 1966 824 facere

222 854 564 916 perseveravit,
599 864 687 902 etc.
712 876 731 898 »

291 932 546 978 Abdicauit.
571 933 631 978 H.
662 948 701 978 e.
725 931 899 978 familia
936 931 1099 992 ejecit,
1127 931 1291 993 sicque
1325 932 1508 978 irritam
1539 931 1699 978 effecit
1735 931 1966 993 adoptio—

222 1025 344 1056 nem.
380 1009 741 1054 Abdicationem
765 1010 824 1055 ab
849 1008 1218 1054 exheredatione
1242 1009 1436 1055 differre
1452 1045 1465 1068 ,
1492 1009 1628 1071 quod
1650 1008 1729 1055 illa
1745 1006 1801 1054 fit
1824 1008 1937 1055 vivo
1954 1044 1967 1066 ‚

222 1088 321 1133 haec
341 1095 558 1145 mortuo,
581 1096 718 1133 notat
744 1089 813 1134 Cl.
848 1089 977 1133 Hase
1001 1103 1060 1133 ex
1082 1087 1217 1132 Reitz
1253 1085 1314 1132 ad
1336 1087 1383 1132 h.
1410 1088 1439 1132 1.

287 1165 482 1210 Libello.
510 1164 616 1211 Scil.
644 1164 881 1224 oratione,
898 1174 953 1210 ut
973 1181 1093 1228 saepe
1119 1164 1199 1211 tali
1223 1180 1363 1211 sensu
1384 1180 1483 1211 vox
1497 1165 1577 1212 illa
1602 1164 1811 1211 occurrit
1833 1164 1970 1226 apud

219 1240 426 1289 historiae
454 1236 679 1306 A‘ugustae
703 1244 960 1305 scriptores

288 1323 430 1368 Fecit,
454 1325 623 1369 Postea
637 1332 807 1368 notum
828 1322 990 1369 fecisse
1013 1314 1252 1384 poenituit.
1279 1322 1469 1381 Senec.‚
1485 1324 1546 1368 de
1560 1322 1730 1382 Benqfi
1743 1356 1756 1378 ‚
1774 1338 1850 1380 vx,
1876 1321 1937 1367 32
1957 1339 1968 1366 :

223 1419 247 1441 α
270 1399 482 1459 Deinde,
512 1416 662 1463 quum
683 1400 967 1465 interposito
997 1410 1213 1460 tempore
1251 1399 1302 1445 in
1326 1401 1487 1446 locum
1509 1400 1591 1445 irae
1626 1399 1845 1447 subiisset
1879 1416 1968 1445 ve-

221 1477 474 1535 recundia,
501 1494 717 1541 gemens,
742 1478 878 1540 quod
906 1495 1007 1524 non
1035 1478 1116 1524 illa
1139 1476 1221 1542 (sc.
1247 1475 1445 1542 flagitia)
1478 1478 1666 1524 silentio
1700 1478 1970 1539 pressisset,

222 1571 327 1615 quae
350 1554 533 1601 tamdiu
555 1555 811 1615 nescierat,
834 1555 988 1602 donec
1010 1555 1147 1617 loqui
1170 1564 1313 1617 turpe
1339 1563 1481 1614 esset,
1506 1571 1629 1618 saepe
1652 1557 1934 1604 exclamavit
1957 1573 1969 1602 :

221 1633 407 1678 Horum
458 1632 574 1678 mihi
629 1633 748 1679 nihil
794 1632 1038 1681 accidisset
1059 1669 1073 1691 ,
1116 1632 1156 1680 si
1210 1642 1293 1680 aut
1338 1633 1557 1696 Agrippa
1603 1643 1685 1680 aut
1738 1637 1970 1681 Maecenas

222 1709 426 1755 vixisset.
456 1730 475 1751 υ
1344 1716 1350 1722 ’

288 1786 480 1832 Phoebe.
499 1787 632 1834 Juliae
646 1786 817 1835 liberta
839 1787 951 1847 fuit,
974 1789 1174 1851 ejusque
1195 1786 1426 1834 vitiorum
1437 1787 1675 1848 adjutrix.
1703 1789 1773 1835 Cf.
1799 1789 1971 1849 Dion„

222 1880 304 1924 nv,
327 1870 376 1926 p.
408 1859 519 1914 555.
1247 1874 1249 1876 ’

289 1943 587 1990 Planariam.
613 1946 795 2007 Nempe
818 1945 1117 1992 Plomariam.

293 2019 438 2068 Cavit.
462 2011 637 2084 Tacit.,
661 2025 870 2079 Annal.,
901 2039 947 2083 1,
975 2023 1005 2070 6
1041 2038 1053 2069 ε
1079 2044 1100 2065 «
1118 2024 1348 2086 Saevaque
1381 2026 1630 2086 Augustus
1668 2022 1729 2071 de
1759 2023 1974 2071 moribus

223 2097 531 2146 adolescentis
563 2109 757 2162 questus
773 2136 787 2159 ,
817 2110 874 2147 ut
903 2099 1118 2148 exsilium
1147 2100 1251 2162 ejus
1279 2101 1691 2148 senatusconsulto
1713 2100 1975 2148 sanciretur

221 2175 501 2234 perfecerat.
528 2197 548 2219 υ

290 2255 380 2303 Αἴθ’
403 2262 552 2320 ὄφελον.
577 2257 754 2302 Versus
785 2257 1006 2316 Homer.,
1038 2257 1214 2310 Iliad„
1242 2273 1333 2315 111,
1367 2263 1455 2315 40,
1489 2256 1659 2304 leviter
1682 2257 1971 2306 immutatus.

224 2330 372 2391 Apud
394 2341 588 2393 poetam
619 2348 630 2377 ι

426 2493 513 2537 Αἴθ’
544 2494 676 2551 ὄφελες
706 2496 845 2552 ἄγονός
862 2501 899 2539 τ’
929 2498 1091 2555 ἔμεναι,
1128 2496 1287 2554 ἄγαμός
1309 2500 1347 2538 τ’
1371 2495 1610 2539 ἀπολέσθαι.

293 2632 402 2676 Cu.
428 2632 601 2678 LXVI.
632 2632 950 2678 Salvidienum
973 2632 1161 2692 Rufum.
1187 2633 1335 2692 Ve11.‚
1359 2648 1427 2691 11,
1456 2631 1516 2691 76
1542 2647 1555 2677 ε
1577 2651 1603 2674 α
1619 2634 1709 2679 Per
1731 2648 1838 2695 quae
1862 2642 1976 2680 tem-

224 2723 347 2769 pora
371 2707 484 2754 Rufi
517 2708 773 2755 Salvidieni
801 2711 995 2758 scelesta
1032 2710 1227 2758 consilia
1260 2710 1496 2772 patefacta
1533 2719 1658 2758 sunt.
1701 2710 1799 2770 Qui
1835 2720 1975 2759 natus

227 2786 566 2833 obscurissimis
600 2787 766 2848 initiis,
789 2804 960 2850 parum
986 2789 1194 2835 habebat
1217 2803 1398 2834 summa
1429 2788 1688 2850 accepisse,
1724 2797 1770 2835 et
1798 2789 1971 2851 proxi—

225 2881 331 2911 mus
367 2880 395 2910 a
429 2867 515 2912 Cn.
551 2866 782 2927 Pompeio
816 2867 1019 2929 ipsoque
1046 2869 1225 2914 Caesare
1256 2882 1315 2912 ex
1351 2866 1561 2929 equestri
1600 2867 1768 2914 ordine
1807 2869 1972 2915 consul

227 2950 413 2990 creatus
448 2959 572 3003 esse,
596 2943 686 2989 nisi
716 2943 765 2990 in
799 2944 848 2990 id
887 2945 1195 3003 ascendisset,
1243 2960 1268 2990 e
1293 2960 1392 3006 quo
1427 2944 1551 2991 infra
1586 2961 1635 2991 se
1665 2953 1713 2992 et
1745 2946 1971 2992 Caesarem

226 3021 409 3069 videret
435 3032 485 3070 et
514 3024 868 3085 rempublicam.
890 3046 907 3066 ι.

298 3102 505 3148 Gallum.
535 3101 633 3159 Qui
654 3105 862 3165 AEgypto
885 3103 1167 3166 praepositus
1191 3104 1347 3150 fuerat
1369 3106 1425 3149 A.
1452 3104 1511 3151 U.
1540 3110 1634 3161 724
1676 3120 1686 3148 :
1725 3102 1816 3149 fuit
1850 3102 1975 3149 inter

228 3187 392 3238 poetas
420 3179 630 3227 eximius·
664 3181 735 3227 Cf.
761 3182 922 3227 Herm.
949 3181 1011 3228 ad
1034 3182 1165 3245 Virg.
1193 3183 1360 3243 Eclog.
1377 3215 1389 3233 ‚
1417 3196 1497 3239 vr,
1524 3196 1600 3239 7²·

297 3256 413 3302 Suis.
443 3259 596 3304 Intell.
627 3258 882 3315 Caesareis,
916 3259 976 3305 de
1001 3259 1177 3322 quibus
1209 3275 1353 3321 supra
1403 3275 1555 3308 xtvn.

299 3332 647 3392 Conjuratt’one‚
674 3338 745 3382 Dc
772 3352 865 3398 qua
896 3352 1066 3399 supra,
1096 3353 1194 3383 xxx.

394 3441 454 3477 11.
878 3425 880 3428 ’
1711 3421 1775 3479 13
