2372 3918
447 324 460 351 ι
473 309 532 354 26
1196 308 1384 354 NOTAE

508 405 710 449 Civitate.
735 406 794 450 H.
819 419 857 449 e.
880 404 984 463 jure
1009 403 1338 465 suffragiorum
1372 413 1418 449 et
1442 405 1711 462 honorum,
1746 404 1878 464 quod
1911 419 1937 450 a
1964 406 2139 451 Caesare

437 479 665 526 dictatore
695 481 964 542 impetrasse
997 489 1162 526 auctor
1185 481 1309 537 Dio,
1339 497 1445 537 xu,
1472 480 1546 525 36.

499 557 604 601 Cn.
632 559 718 604 IX.
748 557 997 602 Consukn‘.
1025 558 1329 602 Consulatum
1353 566 1554 618 gesserat
1577 573 1684 602 cum
1707 558 1931 618 Pompeio
1966 562 2140 621 Magno

435 634 489 677 A.
513 634 572 678 U.
598 633 707 689 684.

497 709 720 755 Ambitus.
752 710 938 756 Crimen
968 710 1165 756 honoris
1192 710 1400 756 affectati
1430 726 1517 771 per
1539 711 1679 756 malas
1710 719 1846 758 artes.

502 785 839 832 Condemnatis.
863 789 990 849 Lege
1006 786 1256 847 Calpurnia
1272 786 1332 834 de
1344 787 1521 832 ambitu
1535 822 1548 845 ‚
1565 803 1707 847 quam
1731 787 1838 832 tulit
1864 789 1915 834 C.
1940 789 2142 850 Calpur-

431 859 536 906 nius
564 862 670 908 Piso
704 866 866 909 consul
892 866 948 908 A.
982 864 1040 908 U.
1066 863 1176 909 686.

479 941 554 983 -Ιη
584 939 790 985 historia.
817 941 991 985 Seneca
1009 975 1020 996 ,
1044 940 1199 1000 Epist.
1225 952 1349 985 xcm
1374 957 1385 984 z
1411 961 1430 982 «
1451 943 1647 986 Annales
1669 942 1861 987 Tanusii
1882 943 1969 988 scis
1997 960 2136 1005 quam

430 1029 528 1059 non
559 1015 722 1061 decori
744 1016 858 1073 sint,
889 1025 935 1061 et
969 1016 1086 1076 quid
1109 1025 1353 1061 vocentur.
1382 1037 1401 1056 »

498 1093 555 1135 In
566 1093 758 1142 Edictis.
773 1119 839 1127 -
856 1092 1154 1137 Archilochia
1178 1093 1456 1137 dicebantur
1475 1102 1673 1153 propter
1688 1095 1815 1141 illam
1836 1096 2135 1144 acerbitatem

432 1181 526 1225 qua
547 1167 833 1214 invcaesarem
857 1169 1053 1228 Bibulus
1076 1169 1407 1226 invehebatur,
1431 1177 1548 1215 teste
1561 1170 1655 1215 Cic.
1679 1174 1750 1216 ad
1767 1175 1912 1217 Attio.
1926 1207 1942 1228 ,
1971 1189 2030 1230 11,
2062 1191 2134 1235 19.

500 1243 546 1288 C.
568 1243 714 1288 Curio.
741 1244 915 1288 Consul
938 1245 1026 1288 fuit
1050 1260 1156 1290 cum
1180 1247 1263 1291 Cn.
1282 1244 1479 1290 Octavio
1505 1249 1557 1290 A.
1584 1247 1643 1290 U.
1674 1246 1784 1304 677.
1807 1250 1879 1293 De
1902 1265 2001 1308 quo
2024 1250 2136 1309 Cic.‚

431 1321 562 1364 Brut.
583 1351 598 1372 ,
631 1334 709 1363 Lx.

496 1397 600 1440 Non
622 1396 800 1440 obiisse.
827 1395 886 1440 H.
913 1411 953 1440 e.
980 1396 1057 1441 die
1080 1396 1190 1440 caedi
1217 1398 1448 1443 destinata
1472 1414 1570 1443 non
1593 1398 1795 1444 adfuisse
1822 1401 1929 1445 loco
1959 1403 2136 1447 consti-

428 1481 545 1520 tuto.
570 1471 662 1516 Cic.
678 1505 690 1528 ,
713 1474 771 1516 de
794 1472 979 1519 Amicit.
997 1507 1010 1530 ,
1028 1488 1068 1518 11
1095 1489 1107 1516 z
1132 1494 1152 1513 «
1168 1474 1263 1530 Qui
1285 1473 1634 1535 diligentissime
1657 1490 1839 1535 semper
1863 1475 1993 1522 illum
2013 1480 2136 1524 diem

429 1549 594 1595 solitus
626 1557 743 1593 esset
774 1550 950 1594 obire.»
2136 1562 2139 1563 ’

496 1625 737 1670 Provincia
758 1627 1021 1687 Ἠιὶςραηιά.
1048 1626 1167 1684 Dio,
1194 1641 1339 1671 xxxin
1356 1662 1368 1683 ,
1402 1643 1449 1687 p.
1486 1642 1542 1671 21
1585 1644 1596 1673 ε
1635 1625 1735 1677 ἐπεὶ
1760 1631 1810 1677 δὲ
1841 1632 1901 1678 οὖν
1937 1638 2007 1680 καὶ
2031 1640 2081 1688 ὣς
2114 1641 2132 1680 ὁ

426 1709 558 1751 Πίσων
587 1711 837 1766 ι’θαρσύνετο,
869 1707 1036 1766 ἑφοῧήθη
1062 1726 1107 1752 τε
1130 1713 1155 1757 ἢ
1178 1711 1366 1769 γερουσία
1388 1712 1457 1768 μή
1481 1728 1521 1753 τι
1549 1711 1794 1769 συνταράξῃ,
1818 1711 1891 1756 καὶ
1926 1714 2032 1762 εὐθὺς
2065 1717 2132 1757 αὖ·

1154 1786 1297 1808 ἱ’,’

426 1785 490 1826 τὸν
516 1787 552 1834 ἐς
573 1777 748 1843 Ιῧηρίαν,
771 1787 993 1842 πρόφασιν,
1024 1789 1072 1835 ὣς
1098 1803 1166 1829 και
1191 1803 1241 1828 m·
1277 1788 1399 1844 αρχῆν
1427 1804 1519 1829 τινα
1543 1787 1713 1844 ἔπεμψε

497 1852 600 1901 Cu.
623 1857 681 1900 X.
707 1856 1045 1917 Basilicasque.
1070 1857 1273 1901 Basilicae
1296 1865 1428 1901 erant
1450 1857 1555 1901 loca
1570 1857 1792 1916 adjuncta
1817 1857 1951 1916 foris,
1977 1868 2023 1904 et
2038 1876 2126 1906 ne-

426 1924 713 1992 gotiantibus
737 1931 1076 1992 causidicisque
1104 1941 1274 1991 aperta.
1305 1933 1373 1978 Cf.
1399 1935 1604 1982 Vrrnuv.
1624 1970 1636 1991 ,
1659 1950 1705 1991 V,
1737 1950 1777 1978 1.

497 2008 784 2051 Venationes.
818 2007 1173 2052 Exhibebantur
1193 2008 1465 2055 venationes
1492 2008 1916 2068 amphitheatrales,
1940 2011 1989 2055 in
2018 2013 2126 2071 qui-

424 2083 512 2128 bus
543 2084 618 2128 vel
641 2083 749 2127 ferae
787 2099 894 2128 cum
916 2084 1048 2141 feris,
1072 2087 1147 2130 vel
1175 2085 1335 2131 bestiae
1365 2101 1473 2130 cum
1508 2085 1802 2143 hominibus,
1834 2089 2128 2147 pugnabant.

424 2158 493 2203 Cf.
520 2161 720 2215 Pmsc„
754 2162 861 2204 Ant.
886 2176 999 2204 rom.
1017 2194 1032 2216 ,
1066 2160 1115 2205 in
1151 2163 1359 2206 Venatio.

491 2237 676 2280 Munus.
701 2236 826 2296 Lips.
841 2273 853 2294 ,
879 2238 1060 2283 Satura.
1085 2254 1160 2283 vu
1185 2254 1195 2282 :
1222 2240 1586 2299 «Spectaculum
1598 2239 1691 2283 hoc
1707 2240 1992 2299 appellatum
2010 2257 2147 2304 pro-³

421 2311 524 2371 prie
547 2328 725 2356 munus.
755 2331 775 2353 2>
818 2313 934 2358 Inde
960 2315 1272 2370 munerarius,
1304 2315 1387 2375 qui
1410 2315 1503 2360 suis
1540 2315 1802 2375 sumptibus
1828 2332 1990 2360 munus
2023 2320 2147 2378 gla-¹

423 2388 678 2432 diatorium
700 2389 966 2434 exhibebat.
994 2391 1062 2436 Cf.
1095 2392 1272 2440 Nos'rn.
1295 2429 1298 2434 .
1327 2392 1378 2436 in
1409 2393 1581 2436 Domc't.
1595 2425 1610 2446 ,
1642 2407 1700 2448 x;
1723 2393 1891 2448 Fron„
1917 2408 1981 2437 111
1999 2432 2010 2448 ,
2047 2409 2122 2439 20.

490 2466 699 2510 Par-ibus.
742 2466 940 2526 Intellig.
972 2468 1120 2526 paria
1146 2467 1505 2529 gladiatorium,
1537 2475 1653 2532 ζεύγη
1693 2476 1931 2532 μονομάχων
1946 2509 1957 2528 ‚
1990 2478 2042 2514 ut
2080 2470 2127 2514 in

429 2541 521 2585 Tib.
536 2574 549 2594 ,
565 2554 711 2586 xxxw
727 2555 738 2584 ε
754 2541 932 2586 «Dedit
954 2543 1084 2602 paria
1107 2544 1273 2605 viginti
1296 2554 1341 2589 et
1365 2553 1582 2589 trecenta.
1609 2563 1629 2584 »

486 2618 593 2661 Cn».
618 2617 707 2662 XI.
734 2619 992 2664 Provincia.
1016 2621 1248 2682 AEgyptus
1276 2636 1375 2664 non
1397 2629 1496 2665 erat
1528 2619 1697 2679 populi
1719 2620 1904 2665 romani
1931 2623 2126 2681 provin—

420 2693 512 2749 cia,
543 2692 633 2738 illis
665 2694 974 2754 temporibus.
1006 2696 1156 2757 Igitur
1193 2699 1240 2742 h.
1280 2699 1309 2742 l.
1341 2698 1579 2757 provincia
1612 2705 1681 2741 est
1710 2696 1917 2742 muneris
1945 2699 2125 2757 publici

420 2769 694 2828 procuratio
733 2771 805 2814 vel
845 2771 1184 2848 administratio
1231 2790 1241 2817 :
1283 2789 1624 2833 nonnunquam
1666 2772 1903 2833 privatum
1944 2791 2122 2821 munus

420 2861 612 2905 quoque
636 2846 860 2907 designat.
1913 2859 1916 2861 ’

481 2923 744 2967 Plebiscito.
779 2924 836 2986 H.
865 2939 903 2968 e.
943 2925 1141 2970 comitiis
1175 2926 1373 2971 tributis.
1405 2927 1472 2971 Cf.
1513 2930 1719 2985 Prnsc„
1750 2931 1860 2973 Ant.
1898 2943 2011 2973 mm.
2030 2961 2045 2982 ‚
2076 2928 2125 2973 in

418 2999 726 3044 Plebiscitum.

482 3075 654 3135 Regem
678 3091 824 3121 suum.
848 3077 958 3122 Non
974 3077 1101 3121 fuit·
1087 3094 1125 3122 ιε
1150 3077 1407 3138 Cleopatrae
1429 3088 1578 3139 pater,
1606 3089 1659 3125 ut
1681 3096 1927 3142 perperam
1948 3081 2122 3127 intelli-

418 3150 485 3210 git
507 3151 745 3196 Torrentu
734 3161 819 3209 ,at
846 3162 1010 3198 contra
1026 3155 1300 3199 Ptolemaeus
1323 3156 1607 3213 Alexander,
1635 3173 1776 3218 quem
1798 3167 1907 3218 post
1928 3166 2121 3203 matrem

418 3225 618 3271 occisam
639 3228 948 3274 Alexandrini
972 3230 1207 3295 ejecerunt
1229 3233 1284 3275 A.
1304 3233 1361 3277 U.
1389 3232 1498 3293 690.
1515 3233 1583 3278 Cf.
1603 3234 1810 3279 Emmsr.
1827 3219 2103 3279 lisono-sur.
2094 3266 2122 3289 .,

422 3303 638 3347 Element.
657 3305 774 3348 Hist.
800 3315 922 3357 ant„
947 3322 994 3364 p
1023 3307 1130 3362 374.
