2372 3918
330 266 343 293 1
358 248 416 294 38
994 253 1042 297 C.
1079 254 1366 299 SUETONII

403 355 660 411 XXXIV.
692 355 975 411 Ludorum
1009 378 1072 412 ac
1112 379 1400 414 munerum
1437 358 1707 434 impensas
1741 358 2030 434 corripuit,

325 449 663 510 mercedibus
690 456 1031 513 scenicorum
1065 459 1277 531 recisis,
1308 459 1638 536 paribusque
1669 455 2031 535 gladiatorum

322 552 392 607 ad
433 565 643 611 certum
686 575 976 613 numerum
1029 555 1279 615 redactis.
1323 557 1733 615 Corinthiorum
1776 577 2030 612 vasorum

321 654 497 728 pretia
528 654 584 710 in
614 656 939 712 immensum
970 657 1256 729 exarsisse,
1292 669 1510 734 tresque
1550 656 1744 714 mullos
1779 678 1883 712 xxx
1919 655 2035 711 mil-

322 753 462 811 libus
506 777 791 812 nummum
833 757 1070 830 venisse,
1107 759 1345 836 graviter
1377 771 1729 835 conquestUS,
1773 758 2034 813 adhiben-

321 853 454 910 dum
487 855 808 932 supellectili
842 856 1066 913 'modum
1106 858 1342 930 censuit,
1375 878 1758 935 annonamque
1788 856 2043 930 macelli,-

320 967 539 1012 senatus
584 958 878 1030 arbitram,
924 959 1216 1034 quotannis
1255 958 1694 1035 temperandam;
1739 958 1868 1014 dato
1907 958 2034 1014 aedi-

319 1054 461 1111 libus
492 1058 710 1134 negotio
735 1058 964 1134 popinas
993 1078 1300 1135 ganeasque
1332 1078 1506 1134 usque
1536 1079 1601 1114 eo
1632 1058 1941 1131 inhibendi,
1973 1072 2034 1115 ut

320 1177 389 1211 ne
427 1177 595 1232 opera
633 1157 855 1233 quidem
895 1159 1122 1235 pistoria
1154 1160 1388 1235 proponi
1420 1158 1635 1214 venalia
1672 1160 1928 1215 sinerent.
1966 1163 2033 1217 Et

320 1267 380 1311 ut
406 1258 800 1333 parcimoniam
832 1257 1108 1335 publicam
1143 1258 1392 1335 exemplo
1422 1279 1641 1334 quoque
1667 1260 1918 1335 juvaret,
1950 1281 2033 1316 so-

318 1355 585 1411 lemnibus
627 1357 742 1433 ipse
781 1358 947 1414 coenis
986 1357 1238 1433 pridiana
1278 1378 1419 1435 saepe
1461 1378 1524 1413 ac
1563 1378 1771 1413 semesa
1806 1360 2034 1416 obsonia

318 1457 599 1532 apposuit,
633 1456 1085 1534 dimidiatumque
1119 1477 1338 1534 aprum3
1378 1454 1680 1529 affirmans,
1717 1460 1904 1513 omnia
1941 1480 2031 1515 ea-

317 1556 441 1611 dem
492 1557 720 1630 habere,
766 1579 886 1634 quae
923 1570 1115 1615 totum.
1154 1557 1493 1631 Quotidiana
1529 1556 1714 1614 oscula
1753 1559 2034 1636 prohibuit

317 1658 495 1714 edicto
519 1681 532 1714 :
563 1660 718 1732 item,
747 1672 1053 1715 strenarum
1082 1661 1473 1716 commercium
1507 1680 1576 1715 ne
1609 1659 1752 1716 ultra
1776 1660 2033 1717 kalendas

309 1759 588 1833 januarias
617 1771 981 1815 exerceretur.
1009 1761 1316 1816 Consuerat
1348 1758 1714 1836 quadruplam
1756 1772 1994 1816 strenam
2016 1805 2032 1833 ,

315 1869 370 1912 et
394 1857 463 1913 de
492 1879 689 1931 manu,
717 1858 948 1914 reddere
985 1881 997 1914 z
1038 1859 1133 1914 sed
1162 1858 1428 1931 offensus,
1459 1859 1794 1936 interpellari
1828 1881 1886 1916 se
1916 1872 2033 1916 toto

314 1977 500 2013 mense
515 1957 691 2028 abiis,
707 1959 801 2034 qui
825 1970 1152 2035 potestatem
1175 1960 1258 2015 sui
1281 1959 1370 2015 die
1393 1958 1530 2016 festo
1554 1980 1666 2015 non
1685 1961 2030 2033 habuissent,

312 2055 457 2112 ultra
483 2078 594 2112 non
626 2056 769 2113 tulit.

390 2160 623 2215 XXXV.
650 2161 935 2214 Matronas
957 2170 1240 2236 prostratae
1269 2159 1569 2236 pudicitiae,
1597 2160 1794 2236 quibus
1821 2180 2033 2216 accusa·
2078 2182 2080 2184 ·

311 2269 399 2312 tor
429 2256 680 2334 publicus
712 2257 947 2332 deesset,
988 2270 1050 2314 ut
1083 2259 1412 2336 propinqui,
1446 2279 1599 2315 more
1636 2259 1932 2336 majorum,
1962 2259 2030 2315 de

308 2358 587 2414 communi
627 2361 899 2415 sententia
939 2372 1286 2432 coercerent,
1323 2371 1515 2415 auctor
1556 2358 1676 2414 fuit.
1718 2360 1904 2434 Equiti
1945 2380 2028 2414 ro-

309 2478 472 2513 mano
513 2458 872 2535 jurisjurandi
915 2461 1145 2536 gratiam
1192 2459 1343 2530 fecit,
1384 2471 1447 2514 ut
1485 2479 1713 2514 uxorem
1748 2459 1804 2513 in
1838 2471 2028 2535 stupro

309 2558 493 2633 generi
533 2569 872 2634 compertam
909 2558 1242 2631 dimitteret,
1275 2580 1439 2634 quam
1465 2580 1522 2614 se
1550 2580 1833 2634 nunquam
1866 2579 2028 2636 repu-

306 2656 616 2729 diaturum,
651 2669 779 2713 ante
814 2658 1111 2734 juraverat.
1151 2659 1388 2714 Feminae
1421 2658 1668 2730 famosae,
1704 2671 1767 2715 ut
1804 2659 1874 2715 ad
1914 2661 2026 2715 evi-

306 2755 500 2811 tandas
541 2755 723 2834 legum
747 2777 933 2833 poenas
963 2757 1088 2833 jure
1123 2778 1187 2813 ac
1228 2757 1494 2836 dignitate
1528 2758 1818 2814 matronali
1851 2759 2025 2815 exsol-

304 2867 589 2928 verentur,
612 2854 946 2912 lenocinium
966 2856 1213 2933 profiteri
1235 2870 1514 2935 coeperant
1536 2879 1549 2913 :
1581 2870 1636 2914 et
1654 2878 1721 2914 ex
1738 2859 2025 2935 juventute

304 2955 589 3031 utriusque
624 2955 830 3011 ordinis
870 2955 1343 3035 profligatissimus
1388 2959 1650 3035 quisque,
1691 2980 1800 3036 quo
1845 2960 2023 3015 minus

304 3054 361 3109 in
399 3074 568 3131 opera
598 3075 771 3111 scenae
808 3075 1095 3132 arenaeque
1127 3055 1340 3111 edenda
1368 3055 1840 3114 senatusconsulto
1870 3071 2021 3114 tene-

305 3165 520 3226 rentur,
543 3153 734 3210 famosi
754 3153 948 3231 judicii
972 3166 1159 3210 notam
1181 3168 1376 3232 sponte
1400 3157 1672 3213 subibant.
1698 3161 1805 3214 Eos
1824 3178 2022 3233 easque

306 3272 518 3325 omneS,
546 3274 615 3309 ne
644 3254 792 3329 quod
820 3253 1090 3330 refiigium
1122 3256 1176 3310 in
1215 3255 1309 3312 tali
1346 3257 1538 3314 fraude
1566 3259 1821 3333 cuiquam
1852 3274 2020 3331 esset,

2318 3333 2324 3340 .
2314 3237 2329 3283 anx
2309 2953 2333 3223 ’‘eamx
2310 2919 2318 2934 r

2361 3802 2372 3918 ——2—
2362 3511 2369 3788 -—ss—⁴⁴—-*---
