2372 3918
279 330 585 347 mnus-uun
593 325 1863 342 nm=uuumns=w=ouuumnsssmwmmm·
1870 329 1916 340 ιιι
1928 330 1937 340 ι
1945 331 1953 338 ι
1961 331 1971 340 -
1979 330 1992 341 ι

438 919 516 975 ΙΝ
564 915 855 972 LIBRUM
896 915 997 970 DE
1039 914 1298 971 CLARIS
1343 915 1829 970 RHETORIBUS.

345 1549 505 1593 Cnur
529 1549 566 1593 1.
591 1549 688 1594 Per
708 1564 858 1594 casus.
897 1547 1122 1606 Quintil„
1154 1548 1306 1594 Instit.
1322 1581 1336 1602 ,
1371 1563 1416 1605 v,
1457 1561 1555 1591 10:
1589 1566 1608 1586 «
1635 1548 1802 1604 Casus,
1837 1546 1921 1606 qui
1954 1554 1999 1588 et

279 1625 377 1684 ipse
398 1633 585 1684 praestat
610 1624 897 1687 argumentis
920 1625 1100 1681 locum,
1126 1624 1225 1670 sine
1250 1623 1399 1669 dubio
1424 1632 1517 1679 est,
1542 1637 1599 1667 ex
1615 1621 1971 1682 insequentibus
1986 1656 1998 1676 ‚

279 1700 361 1746 sed
394 1700 598 1761 quadam
626 1703 917 1762 proprietate
953 1699 1259 1763 distinguitur
1292 1718 1302 1744 ε
1340 1710 1391 1745 ut
1422 1699 1461 1745 si
1493 1699 1673 1754 dicam,
1706 1698 1874 1743 melior
1899 1698 1998 1741 dux

278 1776 439 1837 Scipio
465 1793 608 1837 quam
641 1778 847 1823 Annibal
880 1794 892 1822 ε
915 1778 1030 1822 vicit
1051 1778 1347 1823 Annibalem.

344 1872 524 1919 Θέσεις...
559 1871 824 1921 ἁνασκευὰς...
865 1873 1136 1920 κατασκευάς.
1167 1867 1238 1909 De
1275 1865 1348 1909 his
1386 1863 1539 1909 tribus
1575 1863 1632 1908 cf.
1671 1863 1998 1918 flmmeum,

276 1941 731 2002 Progymnasmata,
769 1959 796 1987 v
835 1952 882 1988 et
904 1959 981 1999 x1;
1005 1945 1224 2000 Tarson„
1259 1958 1307 2003 p.
1348 1942 1410 1996 64
1444 1951 1489 1987 et
1526 1941 1615 1996 813
1647 1944 1999 1993 Arm-nonius,

275 2033 323 2077 p.
352 2033 434 2077 72,
462 2035 518 2076 77
546 2028 592 2064 et
621 2019 726 2064 108.

349 2105 612 2150 Por-litores.
642 2107 699 2151 H.
741 2122 779 2151 e.
825 2107 1042 2152 telonarii
1072 2108 1157 2168 qui
1179 2118 1371 2168 portum
1409 2106 1679 2151 obsidentes
1711 2103 1868 2149 omnia
1902 2102 1991 2146 sci-

279 2179 522 2236 scitantur,
549 2190 603 2224 ut
633 2197 690 2225 ex
721 2181 785 2226 eis
806 2183 1008 2241 vectigal
1031 2183 1276 2241 accipiant.

345 2268 455 2312 Cn.
491 2269 550 2313 11.
587 2269 764 2314 Gallus.
786 2269 856 2313 Cf.
882 2268 1097 2314 Humor«.
1131 2270 1178 2314 in
1206 2268 1371 2314 Chron.
1399 2270 1566 2314 Euseb.
1600 2269 1659 2313 ad
1693 2282 1799 2310 ann.
1842 2280 1964 2326 ¹9⁹9
1986 2299 1999 2320 ‚

279 2353 323 2388 et
348 2345 546 2401 Sumne„
575 2346 780 2390 Controv.
807 2362 870 2403 11,
895 2361 1092 2406 prooem.

347 2423 517 2467 Cicero.
544 2424 598 2466 In
623 2422 879 2482 deperditis
906 2422 1127 2483 epistolis.

345 2499 404 2543 In
425 2499 646 2543 oratione.
673 2502 791 2555 Quae
814 2499 1065 2545 intercidit.

345 2588 452 2631 Cn.
486 2589 573 2632 111.
602 2588 893 2648 Subscripsit.
929 2589 1081 2633 Intell.
1122 2590 1360 2636 orationes
1397 2605 1514 2650 quas
1549 2588 1598 2633 in
1631 2589 1737 2634 foro
1768 2598 1999 2649 patronus

281 2662 487 2708 haberet.

347 2751 454 2794 Cn.
489 2751 571 2796 1v.
596 2752 849 2796 Nuncione.
884 2754 952 2796 Al.
982 2753 1217 2811 Nursiuo,
1241 2768 1322 2797 seu
1348 2752 1599 2798 Nucerino.

347 2837 456 2881 Cn.
482 2837 540 2882 V.
567 2839 797 2884 Eoetrisse.
829 2839 901 2883 Ita
932 2839 1107 2884 Statius
1131 2855 1221 2899 pro
1250 2840 1510 2894 exstinxisse,
1544 2841 1587 2883 h.
1626 2855 1691 2896 e.,
1718 2838 2003 2898 disperdisse

284 2912 447 2958 oculos
469 2912 518 2957 in
553 2914 986 2974 compotationibus
1011 2924 1056 2959 et
1086 2915 1284 2960 libidine
1308 2926 1415 2960 cum
1449 2915 1676 2960 Antonio.

351 2988 470 3033 Scizi.
494 2991 635 3035 Tecte
659 2991 734 3035 hic
756 2990 816 3035 ad
841 2990 981 3035 alium
1007 2992 1164 3036 stilum
1188 2992 1355 3051 respici
1389 3000 1568 3036 certum
1593 3000 1675 3036 est.

347 3079 407 3120 In
433 3076 727 3140 Philipln‘cck.
753 3079 933 3138 Nempe
965 3079 1169 3139 Philipp.
1200 3096 1272 3137 11,
1303 3095 1374 3137 ¹7·

352 3154 438 3208 Ue,
472 3155 519 3198 in
542 3170 678 3214 quem
699 3157 860 3201 vellet.
886 3155 1051 3201 Cicero
1079 3173 1088 3200 ε
1119 3176 1137 3196 α
1167 3158 1231 3201 Ut
1258 3157 1306 3201 in
1332 3166 1400 3214 te,
1429 3173 1534 3217 quae
1561 3156 1725 3212 vellet,
1755 3154 1948 3200 diceret.
1981 3176 1996 3193 υ

352 3232 506 3275 Tanta
534 3234 757 3276 mercede.
784 3234 838 3277 In
869 3233 963 3278 Cic.
995 3240 1041 3277 et
1063 3235 1187 3295 vulg.
1219 3251 1229 3277 ε
1251 3251 1344 3293 pro
1368 3244 1497 3278 tanta
1521 3233 1742 3278 mercede.

337 3316 452 3360 Cn.
478 3318 557 3362 Vl.
595 3319 777 3362 Planci.
805 3320 876 3364 De
902 3335 1001 3380 quo
1027 3320 1219 3365 Hieron.
1252 3322 1297 3365 in
1333 3321 1501 3365 (Ἰν-οη.
1551 3320 1714 3363 Euse’b.
1741 3318 1801 3365 ad
1826 3335 1999 3363 annum

1747 3427 1777 3458 2
1796 3424 1808 3459 Ι
1823 3445 1837 3459 0
