2372 3918
361 254 418 311 78
1017 256 1064 300 C.
1100 255 1383 301 SUETONII

363 378 637 434 nunquam
656 359 814 415 etiam
840 360 1079 431 vicatim,
1109 379 1169 414 ac
1195 357 1441 436 pluribus
1470 358 1664 429 scenis,
1685 378 1781 434 per
1800 359 2041 413 omnium

361 455 667 534 linguarum
683 457 984 515 histriones.
1000 460 1232 514 Munera
1246 458 1433 514 nonin
1458 456 1576 513 foro
1605 455 1792 526 mod0‚
1811 476 1910 511 nec
1932 476 2047 511 am-

361 555 693 632 phitheatro,
724 556 816 613 sed
846 557 902 612 in
932 557 1076 612 circo
1109 567 1163 612 et
1192 557 1247 612 in
1279 557 1480 633 Septis,
1508 568 1561 612 et
1594 554 1884 632 aliquando
1912 555 2047 610 nihil

363 667 559 731 praeter
589 656 927 714 venationem
959 653 1128 710 edidit
1162 675 1175 710 ε
1208 653 1436 710 athletas
1476 675 1719 732 quoque,
1765 655 2050 709 exstructis

362 755 417 809 in
443 775 634 831 campo
656 754 858 810 Martio
888 751 1142 810 sedilibus
1162 751 1381 830 ligneis:
1404 754 1533 810 item
1557 752 1746 810 navale
1776 751 2050 829 proelium,

361 854 502 908 circa
518 853 754 909 Tiberim
785 863 975 908 cavato
1005 849 1145 924 solu,
1165 852 1221 907 in
1245 871 1354 928 quo
1383 870 1528 909 nunc
1553 854 1828 909 Caesarum
1860 872 2053 906 nemus

362 964 457 1007 est.
493 943 708 1024 Quibus
740 950 930 1008 diebus
961 950 1208 1008 custodes
1237 952 1292 1007 in
1327 952 1477 1008 Urbe
1505 950 1793 1028 disposuit,
1826 972 1893 1006 ne
1925 951 2050 1006 rari-

363 1062 473 1106 tate
500 1051 893 1106 remanentium
923 1051 1317 1129 grassatoribus
1349 1051 1579 1107 obnoxia
1610 1062 1763 1106 esset.
1797 1053 1860 1106 In
1892 1051 2054 1107 Circo

363 1150 575 1226 aurigas
607 1170 958 1227 cursoresque
997 1162 1050 1206 et
1084 1150 1411 1207 confectores
1448 1150 1710 1220 ferarum,
1753 1162 1807 1206 et
1851 1171 2056 1205 nonun-

366 1269 530 1325 quam
560 1269 625 1304 ex
659 1249 989 1306 nobilissima
1014 1250 1327 1326 juventute,
1362 1248 1636 1327 produxit.
1662 1249 1768 1306 Sed
1799 1261 1853 1304 et
1882 1249 2057 1324 Trojae

366 1341 547 1405 lusum
579 1349 749 1406 edidit
781 1350 1232 1426 frequentissime,
1265 1350 1534 1426 majorum
1564 1350 1906 1404 minorumve
1935 1369 2059 1424 pue-

362 1469 552 1504 rorum
579 1448 807 1520 dilectu3
835 1450 995 1526 prisci
1025 1449 1312 1526 decorique
1333 1449 1500 1505 moris
1530 1449 1839 1504 existimans
1849 1491 1865 1517 ‚
1901 1446 2058 1503 clarae

365 1548 548 1624 stirpis
577 1546 815 1604 indolem
843 1549 920 1604 sic
947 1560 1237 1605 notescere.
1267 1551 1332 1605 In
1353 1548 1457 1604 hoc
1486 1546 1699 1604 ludicro
1726 1550 1788 1604 C.
1816 1547 2058 1603 Nonium

363 1650 743 1725 Asprenatem,
773 1646 928 1725 lapsu
964 1648 1299 1709 debilitatum
1321 1690 1337 1717 ‚
1379 1667 1544 1703 aureo
1586 1659 1782 1722 torque
1811 1646 2057 1719 donavit3

365 1767 659 1823 passusque
686 1759 766 1803 est
802 1748 980 1824 ipsum
1014 1759 1364 1824 posterosque
1398 1747 1661 1823 Torquati
1694 1746 1834 1801 ferre
1863 1767 2088 1823 cogno-.

365 1851 508 1901 men.
539 1848 673 1902 Mox
703 1846 866 1902 finem
892 1846 1018 1902 fecit
1051 1845 1177 1902 talia
1208 1845 1428 1915 edendi,
1458 1839 1650 1903 Asinio
1675 1844 1919 1902 Pollione
1948 1867 2062 1901 ora-

363 1957 482 2000 tore
511 1946 749 2022 graviter
779 1934 1152 2021 invidioseque
1182 1946 1238 2000 in
1271 1946 1422 2001 curia
1450 1951 1642 2021 'questo
1664 1946 1932 2000 AEsernini
1964 1966 2059 1999 nc-

363 2044 506 2121 potis
534 2045 619 2100 sui
650 2065 858 2113 casum,
892 2045 984 2120 qui
1027 2055 1081 2100 et
1118 2045 1233 2121 ipse
1263 2064 1387 2100 crus
1418 2043 1666 2122 fregerat.
1691 2071 1693 2073 ’
1714 2042 1796 2099 Ad
1828 2046 2062 2099 scenicas

365 2165 582 2221 quoque
616 2155 671 2203 et
707 2142 1053 2221 gladiatorias
1083 2155 1275 2221 operas
1311 2145 1472 2200 etiam
1512 2143 1782 2220 equitibus
1823 2144 2062 2199 romanis

364 2241 656 2325 aliquando
684 2264 813 2300 usus
838 2255 948 2315 est3
974 2264 1164 2300 verum
1195 2245 1368 2320 priuS,
1398 2265 1564 2320 quam
1593 2241 2063 2299 senatusconsulto

365 2335 795 2399 interdiceretur.
819 2345 1011 2400 Postea
1037 2341 1171 2399 nihil
1190 2363 1342 2414 sane,
1371 2355 1730 2419 praeterquam
1754 2341 2061 2397 adolescen-

364 2441 539 2498 tulum
570 2444 830 2516 Lucium,
857 2444 1082 2506 honeste
1112 2454 1326 2514 natum,
1358 2442 1626 2512 exhibuit;
1655 2453 1869 2497 tantum
1897 2454 1958 2497 ut
1981 2463 2063 2497 os-

364 2542 639 2614 tenderet,
666 2543 815 2619 quod
845 2554 960 2599 erat
985 2542 1224 2619 bipedali
1256 2543 1459 2614 minor,
1477 2540 1740 2597 librarum
1765 2542 2060 2618 septemde-

304 2704 307 2705 ⁷
365 2641 495 2709 cim,
529 2661 594 2697 ac
639 2642 785 2696 vocis
828 2642 1117 2702 immensae.
1153 2641 1411 2714 Quodam
1448 2641 1899 2697 autem'muneris
1942 2640 2056 2710 die,

362 2740 690 2821 Parthorum
719 2740 957 2813 obsides,
988 2753 1123 2797 tunc
1169 2742 1407 2817 primum
1439 2742 1652 2813 miss05,
1683 2761 1781 2817 per
1821 2739 2052 2795 mediam

362 2857 580 2893 arenam
621 2838 689 2893 ad
723 2838 1091 2915 spectaculum
1126 2840 1369 2912 induxit,
1402 2860 1672 2917 superque
1715 2860 1770 2895 se
1805 2838 2056 2895 subsellio

363 2937 599 2993 secundo
639 2937 939 2994 collocavit.
990 2938 1210 2995 Solebat
1241 2941 1403 2995 etiam
1445 2940 1580 2995 citra
1625 2937 2057 3016 spectaculorum

363 3035 475 3091 dies
490 3078 504 3106 ,
530 3037 574 3091 si
598 3036 817 3113 quando
845 3037 978 3113 quid
999 3039 1335 3094 invisitatum
1359 3037 1695 3114 dignumque
1719 3038 1943 3114 cognitu
1964 3035 2055 3090 ad-

364 3148 579 3190 vectum
608 3149 773 3209 esset,
805 3137 860 3192 id
888 3149 1038 3192 extra
1065 3136 1313 3191 ordinem
1341 3136 1582 3212 quolibet
1611 3136 1733 3192 loco
1754 3134 2053 3212 publicare:

364 3246 426 3287 ut
455 3235 853 3291 rhinocerotem
899 3234 1046 3310 apud
1074 3236 1265 3310 Septa,
1294 3236 1478 3310 tigrim
1509 3257 1564 3290 m
1599 3254 1782 3303 scena,
1820 3255 2051 3312 anguem
