2372 3918
819 298 879 342 m
919 297 968 341 c.
1008 296 1048 340 J.
1088 297 1413 341 elusanam.
1903 312 1991 357 ιω)

322 395 578 439 nocuisset.
597 394 842 440 Nan-asset
862 399 947 438 se‘u
977 400 1161 438 certum
1191 390 1387 437 fecisset.
1416 391 1591 448 Caesar,
1622 393 1682 436 de
1699 393 1819 438 Bell.
1841 395 1990 448 Gall„

254 487 294 528 1,
323 471 350 518 3
383 485 395 514 ε
427 491 446 511 ι
471 470 567 529 Qui
598 469 660 516 de
689 470 761 516 his
785 470 940 516 rebus
969 470 1186 513 doceant.
1207 487 1226 508 υ

327 547 610 609 Pignore‘bus
636 542 805 609 captis.
836 548 990 592 Poenae
1022 560 1172 607 genus
1200 552 1302 590 erat
1329 544 1543 605 pignoris
1576 546 1759 605 captio,
1790 545 1993 591 maxime

248 634 421 688 negato
453 623 749 688 magistratui
773 621 1019 684 obsequio.
1061 622 1185 680 Cic.,
1220 622 1281 667 de
1314 623 1480 677 Orat,
1509 636 1574 667 ιιι
1608 637 1620 666 :
1649 642 1667 662 ι
1691 623 1909 669 Crassum
1943 622 1994 668 in

250 711 416 748 senatu
447 701 691 762 Philippus
714 698 879 748 consul
902 715 950 745 se
979 700 1281 745 lacessentem
1304 697 1590 762 pignoribus
1620 698 1769 759 captis
1792 698 1994 745 instituit

248 794 479 826 coercere.
502 798 521 820 »
555 778 679 825 Vide
710 778 845 836 va.,
869 793 960 834 ιιι,
987 775 1062 823 38.

314 857 530 917 Direpta.
555 856 627 901 Ex
649 854 912 901 Casaubon.
934 870 945 898 τ
968 852 1007 899 si
1031 853 1137 915 quis
1154 852 1333 899 consuli
1362 860 1444 899 aut
1463 852 1661 913 praetori
1683 868 1785 898 non
1800 852 1991 898 obtem·

246 941 461 994 peraret,
498 931 688 979 lictores
717 931 1028 977 mittebantur
1058 930 1144 992 qui
1166 946 1276 976 eum
1306 939 1594 976 coercerent.
1620 930 1671 976 Si
1704 929 1862 976 aditus
1892 940 1994 976 non

244 1018 457 1070 pateret,
486 1008 611 1055 fabri
636 1007 987 1054 adhibebantur
1023 1007 1108 1069 qui
1143 1007 1301 1053 omnia
1329 1006 1686 1067 disturbabant3
1711 1023 1856 1070 quam
1880 1007 1992 1054 vio·—

244 1087 435 1133 lentiam
476 1085 699 1147 exprimit
738 1086 994 1132 Suetonius
1007 1122 1029 1145 ,f
1057 1102 1175 1132 voce
1220 1086 1427 1146 direpta.
1475 1085 1577 1131 Erit
1621 1085 1768 1149 igitur
1803 1086 1994 1146 direpta

166 1191 174 1199 ·
243 1157 489 1225 supellex,
523 1179 630 1224 quae
655 1163 798 1209 fuerit
821 1163 994 1224 cupide
1026 1165 1195 1220 ablata.

311 1241 593 1286 Mulcatum.
626 1241 684 1286 H.
710 1256 751 1286 e.
775 1242 1029 1302 pulsatum.
1063 1244 1253 1288 Terent.
1270 1278 1283 1300 ‚
1310 1243 1544 1304 Adelph„
1573 1259 1593 1287 1
1609 1278 1621 1300 ‚
1648 1258 1700 1301 α,
1732 1256 1788 1287 ιο
1817 1258 1828 1285 :

423 1357 621 1399 Mulcavit
639 1356 763 1411 usq'ue
785 1357 837 1399 ad
858 1367 1040 1400 mortem.
1068 1391 1079 1400 .
1106 1391 1118 1401 .
1143 1390 1155 1401 .
1176 1391 1187 1400 .

315 1472 619 1534 Compellari.
652 1472 711 1517 H.
746 1487 786 1517 e.
819 1470 1021 1531 deferri,
1052 1473 1276 1520 accusari.
1312 1473 1459 1531 Quod
1488 1473 1589 1534 pati
1619 1490 1720 1519 non
1754 1474 1994 1522 debuisset

240 1549 447 1609 Novius3
486 1565 596 1595 nam
629 1549 714 1610 qui
750 1549 1074 1613 magistratum
1108 1552 1339 1614 gerebant
1370 1551 1581 1596 accusari
1611 1568 1710 1597 non
1740 1561 1993 1613 poterant,

241 1628 332 1676 nisi
362 1627 585 1674 abdicare
616 1644 664 1674 se
698 1628 974 1691 magistratu
1001 1629 1197 1676 fuissent
1228 1629 1393 1675 coacti.

306 1706 418 1752 Cu».
435 1706 620 1752 XVIII.
638 1705 923 1752 Retinentes.
939 1707 1174 1752 Plutarch.
1187 1743 1200 1766 ‚
1217 1707 1267 1752 in
1287 1708 1462 1752 Coesar.
1478 1742 1493 1763 ,
1512 1724 1559 1769 p.
1583 1725 1607 1766 7
1621 1724 1636 1752 1
1649 1723 1675 1753 2
1693 1724 1705 1752 τ
1723 1706 1994 1773 ἐνοχλοῦντας

236 1789 308 1833 καὶ
330 1787 636 1839 καταὸοῶντας.
661 1782 867 1843 Appian.
886 1818 899 1841 ,
917 1785 967 1829 Β.
987 1785 1037 1830 C.
1071 1801 1089 1829 1
1108 1802 1127 1829 ι
1147 1820 1160 1843 ,
1187 1799 1236 1845 p.
1270 1786 1363 1840 432
1392 1801 1405 1828 Ξ
1429 1797 1761 1850 Διακρατοῦντας
1786 1795 1824 1836 ἐν
1849 1784 1991 1852 ῥώμῃ.

302 1860 524 1906 Removit.
544 1859 693 1917 Quod
708 1860 774 1905 ita
797 1870 961 1906 narrat
983 1862 1220 1907 Plutarch.
1234 1897 1248 1920 ,
1278 1862 1360 1907 ub.
1387 1878 1517 1922 supr.
1539 1878 1550 1906 z
1575 1861 1894 1928 Ᾱναδεξαμένου
1920 1877 1991 1914 τοῦ

240 1945 434 2005 Κράσσου
456 1945 549 1994 τοὺς
563 1945 750 2004 μάλιστα
764 1945 968 2001 χαλεποὺς
981 1947 1007 1995 ἢ
1023 1946 1331 2004 ἀπαραιτήτους
1344 1952 1423 1989 τῶν
1443 1942 1671 1990 δανειστῶν
1683 1980 1695 1999 ,
1713 1946 1785 1990 καὶ
1801 1943 1993 2007 ‹lanu-ri-

240 2040 387 2073 σαντος
418 2023 668 2066 ὀκτακοσίων
692 2022 764 2066 καὶ
784 2023 1006 2081 τριάκοντα
1021 2023 1234 2066 ταλάντων
1249 2057 1261 2077 ,
1279 2025 1402 2073 οὕτως
1418 2023 1572 2074 ἐξῆλθεν
1600 2023 1668 2067 ἐπὶ
1690 2026 1762 2072 τὴν
1779 2026 1991 2084 ἐπαρχίαν.

310 2095 606 2140 Ornat-entur.
624 2092 829 2153 Quidam
859 2109 871 2138 ε
896 2094 1253 2152 ordinarentur,
1275 2109 1543 2155 perperam.
1569 2094 1845 2142 Provincias
1867 2097 1993 2141 enim

237 2172 473 2226 ordinare,
485 2179 586 2216 erat
596 2185 672 2217 eas
688 2171 976 2218 constituere
983 2173 1059 2218 vel
1069 2172 1340 2218 decernere.
1354 2173 1495 2217 Facta
1509 2187 1625 2218 vero
1635 2173 1991 2233 provinciarum

237 2248 510 2305 sortitione,
526 2248 710 2295 solebat
723 2258 910 2295 senatus
932 2265 1025 2311 pro
1051 2249 1282 2311 cujusque
1297 2249 1556 2311 provinciae
1579 2250 1765 2297 ratione
1789 2251 1992 2298 formam

240 2324 547 2387 praescribere
563 2340 660 2387 qua
677 2325 1134 2375 administrarentur.
1160 2327 1354 2373 Solebat
1369 2326 1511 2373 etiam
1533 2342 1588 2373 ea
1605 2327 1862 2374 decernere
1886 2346 1992 2391 quae

235 2400 649 2464 proficiscentibus
681 2402 940 2449 necessaria
963 2403 1264 2449 videbantur.
1290 2405 1400 2451 Haec
1426 2420 1577 2465 quum
1614 2403 1809 2464 fierent,
1834 2409 1994 2452 ornari

236 2478 519 2541 provinciae,
549 2481 716 2525 ornari
745 2480 884 2526 etiam
907 2490 1136 2542 praetores
1170 2480 1290 2543 ipsi,
1314 2484 1723 2543 proconsulesque
1755 2481 1988 2529 diceban-

236 2565 330 2603 tur.
359 2556 484 2616 Cic.,
507 2558 579 2603 ad
608 2563 703 2604 Att.
718 2591 734 2614 ,
763 2560 959 2619 111‚‘23.
985 2578 1011 2600 α
1037 2562 1198 2618 Quum
1232 2559 1530 2620 scripsissetis
1561 2561 1831 2606 consulares
1865 2576 1989 2623 pro-

236 2634 415 2682 vincias
440 2644 631 2682 ornatas
669 2651 780 2682 esse.
806 2656 825 2677 n
857 2637 927 2683 Cf.
954 2637 1127 2684 Smou.
1143 2672 1156 2695 ,
1181 2639 1241 2683 de
1265 2640 1373 2682 Ant.
1398 2638 1495 2682 Jur.
1516 2654 1681 2699 μῆρα,
1709 2654 1776 2698 ιι,
1808 2655 1826 2683 ι
1846 2657 1860 2697 ;
1884 2641 1987 2685 En-

237 2727 373 2759 nusr.
389 2747 404 2772 ,
431 2712 557 2759 Clas».
598 2713 690 2759 Cic.
701 2747 717 2770 ‚
749 2713 799 2759 in
832 2716 1027 2761 Ornaoe.

306 2790 511 2836 Privato.
549 2791 606 2837 H.
639 2806 678 2836 e.
712 2800 918 2851 praetura
941 2793 1150 2839 abeunti.

303 2868 689 2928 ImplorantibuS.
714 2870 822 2915 Una
844 2870 1142 2916 vexabantur
1158 2886 1185 2916 a
1208 2871 1528 2918 creditoribus
1554 2881 1602 2918 et
1625 2872 1896 2919 vicinorum
1912 2876 1986 2920 la—

235 2944 462 2992 trociniis.
495 2945 619 2992 Vide
643 2949 947 3007 Pmnacu„
973 2947 1022 2993 in
1050 2948 1204 3006 Coes.;
1229 2951 1406 3008 Dion„
1436 2966 1624 2997 xxxvn.

304 3022 412 3068 Non
428 3033 720 3084 exspectato.
745 3024 1050 3088 Magistratus
1080 3025 1355 3072 decessurus
1370 3026 1617 3088 provincia
1632 3063 1645 3087 ,
1671 3043 1988 3076 successorem

234 3108 508 3161 exspectare
533 3099 762 3160 debebat,
777 3110 831 3147 ut
855 3101 897 3148 ei
914 3102 1369 3149 administrationem
1391 3112 1438 3149 et
1462 3103 1624 3166 copias
1650 3105 1882 3165 traderet3
1906 3106 1985 3152 in·-

235 3185 403 3239 traque
427 3177 622 3240 triginta
650 3177 775 3237 dies,
799 3179 892 3225 hoc
920 3180 1067 3240 facto,
1092 3179 1332 3243 proficisci
1358 3198 1382 3228 e
1406 3183 1508 3244 lege
1532 3182 1779 3241 Cornelia,
1802 3193 1856 3229 ut
1889 3184 1985 3230 do·—

238 3263 311 3300 cet
333 3256 471 3303 Hase.

302 3333 483 3378 Edictis
498 3334 706 3380 comittit.
726 3338 885 3393 Quum
901 3337 1092 3398 publice
1109 3338 1391 3385 constitutus
1404 3348 1521 3386 esset
1540 3338 1842 3385 comitiorum
1868 3340 1982 3388 dies.

484 3438 546 3475 11.
1665 3445 1703 3499 9
