2372 3918
404 250 419 279 1
432 242 490 290 [40
1162 234 1353 279 NOTA-1

396 330 480 376 ubi
504 329 731 375 sedebant
753 330 947 390 equites.
977 330 1070 375 Cic.
1100 332 1169 374 ad
1191 331 1325 374 Fam.
1345 363 1360 384 ‚
1394 345 1422 374 x
1440 365 1452 386 ,
1482 330 1540 375 32
1562 344 1572 372 :
1598 349 1616 369 «
1636 327 1925 373 Histrionem
1941 343 2122 372 summo

395 406 618 452 ludorum
632 406 710 452 die
741 410 917 453 annulo
934 424 1078 454 aureo
1106 408 1156 453 in
1179 406 1541 469 quatuordecim
1563 421 1735 450 sessum
1760 404 1972 450 deduxit.
1990 425 2010 446 υ

460 495 556 539 Per
577 486 876 540 orchestram.
912 496 1163 542 Orchestra
1187 504 1286 541 erat
1317 494 1440 539 inter
1463 493 1631 539 theatri
1667 492 1840 555 gradus
1876 492 1996 538 imos
2022 510 2032 537 :
2058 492 2125 539 ibi

394 570 619 617 sedebant
651 581 903 618 senatores.
928 572 1050 618 Vide
1073 575 1312 629 Vrrauv„
1338 587 1368 615 v
1378 606 1392 628 ‚
1418 587 1459 628 7.

461 649 704 695 Pmducto.
730 651 767 694 I.
801 665 840 694 e.
876 650 1112 710 ampliato.

464 737 652 796 Euripo.
683 735 919 797 Euripus,
953 737 1076 782 fossa
1110 736 1303 798 ingens,
1345 751 1438 796 qua
1479 734 1695 795 undique
1728 733 2004 797 cingebatur
2029 734 2125 779 cir-

395 829 489 859 cus.
527 813 670 871 Plin.,
704 815 764 859 H.
805 814 863 859 N.
884 849 897 871 ,
930 829 1023 858 vu1
1042 849 1054 872 ‚
1089 830 1114 871 7
1154 830 1165 858 :
1206 833 1225 855 «
1251 813 1462 873 Pompeii
1487 814 1633 858 altero
1663 814 1910 857 consulatu
1935 828 2125 875 pugna-

394 905 504 935 vere
538 890 587 935 in
629 890 755 936 circo
789 890 957 953 viginti
991 890 1240 951 elephanti.
1278 889 1497 935 Universi
1541 890 1837 949 eruptionem
1887 899 2126 936 tentavere

393 983 492 1012 non
507 968 605 1013 sine
619 967 870 1014 vexatione
894 968 1065 1028 populi
1088 966 1364 1012 circumdati
1380 966 1567 1012 clathris
1589 966 1765 1011 ferreis.
1785 970 1891 1025 Qua
1906 967 1966 1012 de
1989 982 2126 1013 causa

395 1045 544 1089 Caesar
568 1044 798 1103 dictator,
830 1053 997 1105 postea
1027 1043 1174 1089 simile
1203 1045 1522 1104 spectaculum
1552 1043 1788 1101 editurus,
1812 1044 1988 1105 euripis
2018 1060 2125 1090 are-

392 1134 501 1165 nam
528 1119 853 1166 circumdedit.
875 1141 894 1161 »

459 1197 843 1241 Desulton'os:—-
859 1199 1129 1242 Desulcores
1153 1206 1314 1254 erant,
1348 1197 1432 1258 qui
1462 1197 1651 1242 duobus
1682 1197 1816 1258 equis
1842 1197 2017 1256 junctis
2039 1213 2126 1242 ve-

393 1272 455 1317 cti
475 1273 594 1318 mira
609 1272 858 1318 velocitate
881 1273 941 1318 ab
971 1289 1071 1318 uno
1086 1274 1137 1319 in
1153 1276 1351 1319 alterum
1377 1274 1711 1319 transiliebant.
1737 1273 1860 1319 Vide
1876 1276 2094 1319 Bummo.
2112 1310 2124 1332 ‚

393 1348 442 1393 in
478 1350 625 1394 Groev.
659 1350 795 1394 lees.
810 1383 826 1404 ,
860 1365 939 1407 1x,
967 1365 1059 1407 722
1091 1358 1139 1395 et
1167 1357 1274 1408 740.
1300 1350 1418 1395 Inde
1455 1367 1465 1394 :
1502 1353 1611 1410 equi
1637 1351 1891 1394 desultorii.

468 1436 673 1494 Trojam.
705 1463 771 1474 -υ
807 1438 850 1481 T
845 1437 950 1494 roja
965 1470 979 1490 ,
1016 1437 1160 1483 ludus
1191 1438 1420 1499 equestris
1445 1453 1706 1497 puerorum
1722 1471 1735 1494 ,
1767 1452 1910 1496 quem
1947 1438 2126 1484 descri-

393 1513 462 1559 bit
475 1513 671 1576 virgil„
687 1499 869 1559 AEneid.
882 1548 897 1569 ,
933 1531 991 1572 v,
1024 1512 1260 1569 545-602.
1294 1516 1433 1560 Hunc
1450 1548 1463 1571 ,
1493 1529 1643 1574 quum
1667 1529 1800 1573 paene
1822 1514 2126 1574 exolevisset‚

395 1592 546 1637 Caesar
575 1591 779 1637 restituit
804 1607 814 1635 :
845 1607 902 1638 ex
932 1592 1015 1637 illo
1048 1601 1263 1656 tempore
1289 1593 1451 1637 Rornae
1473 1590 1696 1650 frequens
1728 1590 1830 1635 fuit.

466 1668 511 1710 V
508 1668 764 1714 enationes.
807 1668 932 1714 Vide
975 1685 1145 1730 supra,
1182 1685 1229 1714 x.
1269 1667 1707 1728 Camelopardalum
1743 1667 1925 1727 primus
1966 1669 2128 1714 Romae

397 1744 568 1791 eodem
601 1745 1069 1806 temporegexhihuit.
1104 1748 1266 1805 Pun„
1298 1747 1355 1790 H.
1385 1744 1467 1804 N..
1490 1761 1608 1803 vul,
1649 1760 1724 1790 20.

460 1823 633 1867 Martii
659 1823 830 1883 campi.
870 1822 1036 1869 Circus
1059 1823 1184 1868 enim
1206 1823 1305 1868 aliis
1328 1822 1521 1868 ludicris
1546 1832 1802 1882 occupatus
1835 1831 1948 1868 erat.

458 1914 519 1955 In
554 1912 735 1956 minore
765 1912 958 1957 Codeta.
999 1912 1204 1967 Codeta,
1237 1927 1428 1971 campus
1459 1920 1559 1956 erat
1587 1920 1715 1956 trans
1744 1911 1967 1956 Tiberim.
2002 1912 2128 1956 Nar-

392 1987 489 2032 din.
506 2023 519 2045 ‚
555 1990 687 2033 Rom.
715 1997 836 2042 vet„
867 2004 967 2046 vu,
992 2004 1036 2033 2.
1068 1989 1140 2033 Ex
1166 1988 1432 2033 Casaubon.
1454 2005 1465 2032 :
1488 1989 1642 2032 minor
1663 1988 1843 2033 Codeta
1880 1997 1927 2033 et
1956 1988 2124 2046 major,

392 2064 456 2108 sic
487 2066 731 2124 appellatae
748 2099 761 2122 ,
783 2073 839 2108 ut
863 2065 1121 2110 Velabrum
1151 2065 1305 2122 majus
1332 2073 1379 2109 et
1408 2065 1561 2109 minus
1576 2098 1592 2119 ‚
1623 2074 1767 2125 atque
1790 2064 1880 2110 alia
1899 2064 1949 2109 in
1964 2065 2126 2120 eadem

320 2183 324 2199 ¹
393 2142 524 2185 urbe.

467 2219 624 2277 Tyrc‘oe
654 2229 699 2263 et
723 2222 978 2281 AEgyptioe.
1014 2206 1228 2280 Intellige
1269 2239 1287 2258 «
1309 2218 1371 2262 ad
1394 2233 1574 2263 morem
1612 2217 1866 2279 Tyriorum
1903 2228 1950 2263 et
1979 2220 2128 2281 AEgy—

393 2294 606 2357 ptiorum
638 2293 889 2341 instructae.
908 2317 927 2338 »
968 2286 975 2291 “

456 2372 716 2419 Manerent.
742 2374 801 2418 H.
835 2389 872 2418 e.
907 2381 1273 2433 pernoctarent,
1297 2382 1351 2417 ut
1377 2373 1471 2418 Cic.
1502 2374 1570 2416 ad
1597 2376 1691 2417 Act.
1711 2406 1726 2426 ,
1759 2388 1819 2429 x,
1858 2378 1914 2427 14
1941 2389 1951 2416 ε
1979 2393 1998 2413 «
2015 2374 2127 2417 Ser-

389 2448 492 2493 vius
515 2448 670 2508 pridie
700 2466 850 2495 nonas
880 2449 991 2496 maii
1018 2449 1275 2495 Minturnis
1295 2449 1516 2495 mansisse
1550 2448 1736 2494 dicitur.
1766 2468 1786 2488 »

459 2537 570 2581 CAr.
596 2538 700 2582 XL.
719 2539 899 2582 Fastos.
919 2540 977 2583 A.
1003 2540 1063 2585 U.
1091 2538 1208 2596 708,
1234 2537 1339 2597 ipso
1357 2554 1418 2581 111
1449 2553 1564 2582 coss.
1594 2546 1641 2582 et
1662 2539 1730 2581 M.
1747 2537 1933 2596 Lepido
1956 2553 2019 2583 111
2031 2555 2125 2584 cos.

390 2614 460 2657 De
502 2613 597 2657 hac
643 2614 939 2659 correctione
971 2614 1086 2660 vide
1118 2617 1215 2661 Jos.
1249 2614 1538 2670 Selmena„
1576 2614 1727 2658 Diatr.
1767 2615 1827 2658 de
1872 2614 2123 2661 Emendat.

390 2699 531 2748 temp.
554 2721 569 2743 ‚
598 2706 676 2747 1v,
705 2690 856 2735 initio.
1632 2697 1635 2699 ’
1694 2692 1709 2700 “

456 2778 750 2836 Pontcficum.
787 2781 842 2825 In
878 2795 1000 2840 quos
1029 2788 1313 2839 potestatem
1337 2780 1677 2824 transtulerunt
1706 2779 2044 2838 intercalandi3
2082 2790 2128 2826 et

390 2853 472 2914 qui
505 2854 701 2900 licenter
731 2854 1047 2917 gratificantes
1079 2856 1448 2916 publicanorum
1484 2857 1559 2900 vel
1592 2855 1876 2917 litigantium
1909 2872 2125 2902 commo-

390 2930 463 2976 dis
478 2966 492 2989 ,
521 2932 584 2978 ad
608 2933 859 2978 arbitrium
880 2950 1019 2979 suum
1044 2919 1385 2979 subtrahebant
1407 2942 1619 2992 tempora
1641 2934 1717 2977 vel
1739 2934 1987 2994 augebant.
2003 2933 2126 2979 Vide

390 3009 518 3066 C1c.,
547 3010 609 3054 de
635 3011 747 3070 Leg.
767 3045 781 3063 ,
819 3019 889 3068 11⁴,
933 3026 1020 3068 123
1062 3013 1285 3055 MACROB.
1306 3045 1318 3067 ,
1363 3010 1545 3054 Salam.
1572 3025 1621 3067 1,
1661 3015 1744 3068 143
1778 3011 2003 3055 Girumu.
2022 3045 2035 3067 ,
2067 3011 2126 3054 de

396 3084 839 3147 Veajurepontq’fico
853 3121 866 3143 ‚
897 3104 916 3131 1
932 3122 947 3146 ,
973 3103 1048 3132 22.

462 3173 599 3218 Solis.
623 3175 782 3232 Quum
809 3174 870 3221 ad
894 3177 1019 3221 lunoe
1049 3191 1239 3220 cursum
1264 3176 1395 3219 illum
1420 3176 1817 3221 accommodasset
1842 3177 2007 3221 Numa.

457 3251 844 3296 Accommodavit.
865 3252 1092 3314 Sosigene
1104 3252 1262 3313 perito
1277 3253 1418 3311 hujus
1442 3253 1554 3298 artis
1579 3252 1814 3312 adhibito,
1839 3268 2123 3314 quamquam
