2372 3918
406 326 425 354 1
434 309 461 355 6
469 316 494 364 4
1072 312 1119 357 C.
1151 312 1442 357 SUETONII

402 415 825 473 necessitudines
859 415 1157 495 reliquas),
1193 417 1286 473 diu
1316 426 1632 485 cunctatus,
1662 436 1729 471 an
1761 413 1861 470 sibi
1891 435 2101 472 succes-

399 536 574 572 sorem
598 515 915 589 destinaret,
938 517 1309 595 adoptandum
1328 520 1548 576 Tiberio
1569 519 1777 575 dederit
1800 539 1812 573 ε
1836 519 1911 573 sic
1935 516 2102 595 vulgo

401 614 734 689 favorabilis,
760 629 820 672 ut
845 616 1069 694 plurimi
1099 616 1337 691 tradant,
1356 620 1567 695 quoties
1590 617 1774 695 aliquo
1793 617 2100 689 adveniret,

396 714 482 774 vel
515 716 741 772 sicunde
771 715 1101 789 discederet,
1142 738 1252 795 prae
1284 719 1446 775 turba
1480 719 1885 776 occurrentium
1916 736 2102 792 prose-

395 811 749 892 quentiumve
795 836 1195 894 nonnunquam
1231 838 1355 874 eum
1392 817 1684 875 discrimen
1725 819 1849 874 vitae
1887 816 2099 873 adisse:

395 936 426 971 e
459 916 755 972 Germania
790 937 953 990 vero,
986 930 1109 994 post
1137 938 1501 995 compressam
1534 918 1885 987 seditionem,
1919 936 2102 972 rever-

395 1016 560 1087 tenti,
597 1017 949 1094 praetorianas
984 1018 1232 1080 cohortes
1268 1019 1544 1075 universas
1581 1018 1824 1096 prodisse
1856 1017 2100 1086 obviam,

392 1116 641 1191 quamvis
676 1119 1098 1193 pronunciatum
1129 1129 1294 1190 esset,
1328 1130 1388 1174 ut
1423 1117 1546 1174 duae
1577 1116 1958 1174 tantummodo
1990 1117 2099 1172 exi-

391 1227 549 1285 rent;
588 1215 779 1294 populi
819 1230 1003 1274 autem
1045 1219 1257 1275 romani
1298 1239 1515 1288 sexum,
1556 1230 1768 1275 aetatem
1792 1261 1808 1290 ,
1849 1217 2097 1273 ordinem

390 1334 609 1371 omnem
642 1337 814 1392 usque
845 1317 914 1373 ad
949 1319 1264 1374 vicesimum
1300 1317 1539 1394 lapidem
1575 1317 1827 1372 effudisse
1866 1337 1938 1372 se.

466 1416 537 1473 V.
568 1419 773 1473 Tamen
806 1415 969 1495 longe
1000 1419 1208 1495 majora
1242 1430 1296 1474 et
1328 1418 1572 1475 firmiora
1609 1416 1675 1471 de
1706 1436 1771 1471 eo
1801 1415 2007 1492 judicia
2043 1417 2099 1471 in

388 1527 567 1571 morte
599 1537 662 1573 ac
692 1529 815 1594 post
846 1519 1366 1575 mortem-exstitere.
1399 1520 1528 1591 Quo
1563 1516 1849 1573 defunctus
1878 1527 1959 1571 est
1983 1515 2099 1587 die,

386 1612 625 1691 lapidata
654 1631 781 1674 sunt
810 1618 1039 1695 templa,
1067 1619 1336 1674 subversae
1363 1618 1683 1690 deum'arae,
1716 1620 1884 1674 Lares
1917 1637 1950 1673 a
1975 1617 2098 1693 qui-

386 1714 620 1771 busdam
645 1716 935 1774 familiares
960 1719 1016 1774 in
1037 1717 1318 1795 publicum
1342 1718 1561 1796 abjecti,
1584 1729 1774 1795 partus
1800 1718 2099 1794 conjugum

385 1815 634 1890 expositi.
683 1818 835 1889 Quin
874 1829 929 1873 et
963 1806 1226 1875 barbaros
1264 1817 1478 1888 ferunt,
1513 1817 1710 1894 quibus
1745 1817 2061 1872 intestinum
2082 1861 2096 1886 ,

383 1917 693 1992 quibusque
720 1917 977 1975 adversus
1003 1939 1101 1975 nos
1125 1917 1331 1976 bellum
1355 1930 1514 1991 esset,
1539 1917 1688 1974 velut
1715 1918 1770 1972 in
1799 1917 2098 1973 domestico

383 2019 772 2094 communique
802 2038 1065 2090 moerore,
1094 2021 1428 2077 consensisse
1460 2019 1528 2076 ad
1559 2019 1806 2076 inducias
1838 2040 1852 2075 ε
1882 2017 2098 2095 regulos

385 2118 657 2195 quosdam
683 2120 911 2176 barbam
930 2123 1194 2198 posuisse,
1225 2135 1280 2178 et
1314 2117 1549 2178 uxorum
1575 2121 1753 2197 capita
1781 2120 1995 2191 rasisse,
2029 2118 2099 2174 ad

383 2218 649 2275 indicium
693 2222 915 2277 maximi
947 2220 1129 2279 luctus
1156 2244 1168 2279 ε
1199 2244 1394 2301 regum
1432 2223 1593 2278 etiam
1631 2242 1815 2300 regem
1847 2232 1902 2276 et
1950 2240 2100 2275 exer-

381 2319 637 2377 citatione
671 2322 934 2395 venandi,
971 2335 1026 2378 et
1055 2325 1309 2380 convictu
1342 2323 1707 2401 megistanum
1742 2320 2094 2390 abstinuisse,

380 2419 530 2494 quod
562 2420 709 2499 apud
740 2423 972 2479 Parthos
994 2423 1192 2500 justitii
1224 2425 1397 2480 instar
1426 2436 1525 2480 est.

459 2521 555 2575 VI.
590 2523 780 2578 Romae
813 2523 1032 2598 quidem
1052 2566 1067 2594 ,
1098 2545 1270 2600 quum
1300 2524 1368 2580 ad
1396 2524 1631 2600 primam
1659 2521 1858 2578 famam
1883 2518 2095 2577 valetu-

381 2617 526 2675 dinis
555 2622 787 2677 attonita
820 2633 875 2676 et
905 2635 1097 2679 moesta
1124 2623 1311 2679 civitas
1344 2635 1629 2700 sequentes
1659 2623 1889 2679 nuncios
1924 2641 2096 2698 oppe-

379 2718 600 2791 riretur,
630 2731 684 2775 et
712 2734 938 2797 repente
965 2723 1080 2799 jam
1113 2725 1327 2800 vesperi
1359 2724 1580 2780 incertis
1611 2723 1929 2779 auctoribus
1959 2741 2095 2777 con-

379 2816 613 2875 valuisse
649 2820 872 2877 tandem
911 2823 1340 2899 percrebuisset,
1383 2825 1584 2902 passim
1621 2845 1747 2881 cum
1795 2822 2093 2881 luminibus

378 2929 432 2973 et
465 2920 700 2976 victimis
735 2923 792 2977 in
832 2923 1169 3000 Capitolium
1203 2946 1537 2983 concursum
1578 2939 1693 2997 est,
1727 2947 1789 2983 ac
1823 2945 1976 3002 paene
2006 2944 2093 2979 re-

378 3017 543 3074 vulsae
591 3021 781 3098 templi
827 3023 971 3080 fores
996 3068 1011 3095 ,
1060 3047 1128 3082 ne
1174 3027 1307 3101 quid
1352 3028 1643 3104 gestientes
1691 3039 1820 3082 vota
1868 3023 2093 3084 reddere

378 3132 740 3177 morarentur.
773 3125 1200 3203 Expergefactus
1229 3147 1259 3180 e
1291 3147 1484 3183 somno
1512 3127 1762 3183 Tiberius
1792 3116 1872 3180 est
1901 3134 2089 3200 gratu-

377 3216 610 3276 lantium
633 3225 889 3296 vocibus,
912 3238 1074 3302 atque
1107 3225 1350 3302 undique
1385 3227 1817 3295 concinentium,
1849 3247 1876 3275 <c
1900 3225 2088 3279 SALVA

377 3320 583 3393 ROMA,
602 3342 779 3379 sALvA
805 3343 1043 3398 PATRIA,
1065 3346 1274 3383 sALvus
1300 3347 1397 3385 EST
1422 3321 1827 3383 GERMANJcus!
1845 3348 1873 3376 ι)
1894 3322 1998 3379 Sed
2033 3337 2091 3378 ut
