<?xml version="1.0" encoding="UTF-8"?>
<!DOCTYPE html PUBLIC "-//W3C//DTD XHTML 1.0 Transitional//EN"
    "http://www.w3.org/TR/xhtml1/DTD/xhtml1-transitional.dtd">
<html xmlns="http://www.w3.org/1999/xhtml" xml:lang="en" lang="en">
 <head>
  <title>
</title>
<meta http-equiv="Content-Type" content="text/html;charset=utf-8" />
  <meta name='ocr-system' content='tesseract 3.04.00' />
  <meta name='ocr-capabilities' content='ocr_page ocr_carea ocr_par ocr_line ocrx_word'/>
</head>
<body>
  <div class='ocr_page' id='page_1' title='image "./operasuet00suetuoft_0034.png"; bbox 0 0 2372 3918; ppageno 0'>
   <div class='ocr_carea' id='block_1_1' title="bbox 365 269 1397 327">
    <p class='ocr_par' dir='ltr' id='par_1_1' title="bbox 365 269 1397 327">
     <span class='ocr_line' id='line_1_1' title="bbox 365 269 1397 327; baseline 0.002 -2"><span class='ocrx_word' id='word_1_1' title='bbox 365 283 393 325; x_wconf 77' lang='lat' dir='ltr'><strong>s,</strong></span> <span class='ocrx_word' id='word_1_2' title='bbox 1021 269 1070 327; x_wconf 82' lang='lat' dir='ltr'><strong>c.</strong></span> <span class='ocrx_word' id='word_1_3' title='bbox 1107 282 1397 327; x_wconf 78' lang='lat' dir='ltr'><strong>SUEToNu</strong></span> 
     </span>
    </p>
   </div>
   <div class='ocr_carea' id='block_1_2' title="bbox 355 382 2085 3151">
    <p class='ocr_par' dir='ltr' id='par_1_2' title="bbox 362 382 2078 661">
     <span class='ocr_line' id='line_1_2' title="bbox 363 382 2078 460; baseline 0 -20"><span class='ocrx_word' id='word_1_4' title='bbox 363 384 604 460; x_wconf 87' lang='lat' dir='ltr'><strong>undique</strong></span> <span class='ocrx_word' id='word_1_5' title='bbox 644 382 847 439; x_wconf 83' lang='lat' dir='ltr'><strong>familia</strong></span> <span class='ocrx_word' id='word_1_6' title='bbox 887 397 1201 460; x_wconf 87' lang='lat' dir='ltr'><strong>comparata</strong></span> <span class='ocrx_word' id='word_1_7' title='bbox 1242 386 1491 441; x_wconf 89' lang='lat' dir='ltr'><strong>inimicos</strong></span> <span class='ocrx_word' id='word_1_8' title='bbox 1537 385 1916 454; x_wconf 85' lang='lat' dir='ltr'><strong>exterruisset,</strong></span> <span class='ocrx_word' id='word_1_9' title='bbox 1956 405 2078 440; x_wconf 88' lang='lat' dir='ltr'><strong>cau-</strong></span> 
     </span>
     <span class='ocr_line' id='line_1_3' title="bbox 362 482 2078 561; baseline -0.001 -21"><span class='ocrx_word' id='word_1_10' title='bbox 362 496 479 541; x_wconf 89' lang='lat' dir='ltr'><strong>tum</strong></span> <span class='ocrx_word' id='word_1_11' title='bbox 513 496 595 540; x_wconf 89' lang='lat' dir='ltr'><strong>est</strong></span> <span class='ocrx_word' id='word_1_12' title='bbox 625 483 693 540; x_wconf 93' lang='lat' dir='ltr'><strong>de</strong></span> <span class='ocrx_word' id='word_1_13' title='bbox 726 504 957 539; x_wconf 89' lang='lat' dir='ltr'><strong>numero</strong></span> <span class='ocrx_word' id='word_1_14' title='bbox 986 482 1349 560; x_wconf 85' lang='lat' dir='ltr'><strong>gladiatorum</strong></span> <span class='ocrx_word' id='word_1_15' title='bbox 1370 527 1386 558; x_wconf 94' lang='lat'><strong>,</strong></span> <span class='ocrx_word' id='word_1_16' title='bbox 1422 505 1533 561; x_wconf 92' lang='lat' dir='ltr'><strong>quo</strong></span> <span class='ocrx_word' id='word_1_17' title='bbox 1568 505 1637 540; x_wconf 93' lang='lat' dir='ltr'><strong>ne</strong></span> <span class='ocrx_word' id='word_1_18' title='bbox 1671 484 1934 560; x_wconf 86' lang='lat' dir='ltr'><strong>majorem</strong></span> <span class='ocrx_word' id='word_1_19' title='bbox 1968 485 2078 538; x_wconf 90' lang='lat' dir='ltr'><strong>cui-</strong></span> 
     </span>
     <span class='ocr_line' id='line_1_4' title="bbox 362 582 1202 661; baseline -0.001 -21"><span class='ocrx_word' id='word_1_20' title='bbox 362 604 524 661; x_wconf 88' lang='lat' dir='ltr'>quam</span> <span class='ocrx_word' id='word_1_21' title='bbox 552 583 752 640; x_wconf 88' lang='lat' dir='ltr'><strong>habere</strong></span> <span class='ocrx_word' id='word_1_22' title='bbox 783 587 970 639; x_wconf 81' lang='lat' dir='ltr'><strong>Romae</strong></span> <span class='ocrx_word' id='word_1_23' title='bbox 999 582 1202 639; x_wconf 88' lang='lat' dir='ltr'><strong>liceret.</strong></span> 
     </span>
    </p>

    <p class='ocr_par' dir='ltr' id='par_1_3' title="bbox 355 682 2084 1958">
     <span class='ocr_line' id='line_1_5' title="bbox 442 682 2079 761; baseline -0.002 -21"><span class='ocrx_word' id='word_1_24' title='bbox 442 687 539 740; x_wconf 91' lang='lat' dir='ltr'><strong>XI.</strong></span> <span class='ocrx_word' id='word_1_25' title='bbox 585 682 888 740; x_wconf 84' lang='lat' dir='ltr'>Conciliato</span> <span class='ocrx_word' id='word_1_26' title='bbox 938 682 1129 761; x_wconf 90' lang='lat' dir='ltr'><strong>populi</strong></span> <span class='ocrx_word' id='word_1_27' title='bbox 1173 683 1390 756; x_wconf 88' lang='lat' dir='ltr'><strong>favore,</strong></span> <span class='ocrx_word' id='word_1_28' title='bbox 1440 686 1674 741; x_wconf 89' lang='lat' dir='ltr'><strong>tentavit</strong></span> <span class='ocrx_word' id='word_1_29' title='bbox 1723 705 1821 761; x_wconf 93' lang='lat' dir='ltr'><strong>per</strong></span> <span class='ocrx_word' id='word_1_30' title='bbox 1867 694 2079 759; x_wconf 88' lang='lat' dir='ltr'><strong>partem</strong></span> 
     </span>
     <span class='ocr_line' id='line_1_6' title="bbox 361 780 2080 862; baseline -0.003 -20"><span class='ocrx_word' id='word_1_31' title='bbox 361 785 736 853; x_wconf 84' lang='lat' dir='ltr'><strong>tribunorum,</strong></span> <span class='ocrx_word' id='word_1_32' title='bbox 772 794 835 837; x_wconf 88' lang='lat' dir='ltr'><strong>ut</strong></span> <span class='ocrx_word' id='word_1_33' title='bbox 864 783 966 838; x_wconf 89' lang='lat' dir='ltr'><strong>sibi</strong></span> <span class='ocrx_word' id='word_1_34' title='bbox 995 784 1261 861; x_wconf 88' lang='lat' dir='ltr'><strong>AEgyptus</strong></span> <span class='ocrx_word' id='word_1_35' title='bbox 1297 785 1577 861; x_wconf 89' lang='lat' dir='ltr'><strong>provincia</strong></span> <span class='ocrx_word' id='word_1_36' title='bbox 1607 783 1893 862; x_wconf 87' lang='lat' dir='ltr'><strong>plebiscito</strong></span> <span class='ocrx_word' id='word_1_37' title='bbox 1930 780 2080 837; x_wconf 87' lang='lat' dir='ltr'><strong>dare-</strong></span> 
     </span>
     <span class='ocr_line' id='line_1_7' title="bbox 361 880 2081 960; baseline -0.003 -20"><span class='ocrx_word' id='word_1_38' title='bbox 361 894 482 954; x_wconf 89' lang='lat' dir='ltr'><strong>tur,</strong></span> <span class='ocrx_word' id='word_1_39' title='bbox 533 894 727 937; x_wconf 86' lang='lat' dir='ltr'><strong>nactus</strong></span> <span class='ocrx_word' id='word_1_40' title='bbox 777 881 1196 937; x_wconf 85' lang='lat' dir='ltr'><strong>extraordinarii</strong></span> <span class='ocrx_word' id='word_1_41' title='bbox 1246 883 1460 960; x_wconf 89' lang='lat' dir='ltr'><strong>imperii</strong></span> <span class='ocrx_word' id='word_1_42' title='bbox 1511 884 1851 939; x_wconf 86' lang='lat' dir='ltr'><strong>occasionem</strong></span> <span class='ocrx_word' id='word_1_43' title='bbox 1870 924 1885 954; x_wconf 96' lang='lat'><strong>,</strong></span> <span class='ocrx_word' id='word_1_44' title='bbox 1933 880 2081 957; x_wconf 90' lang='lat' dir='ltr'><strong>quod</strong></span> 
     </span>
     <span class='ocr_line' id='line_1_8' title="bbox 359 981 2084 1059; baseline -0.003 -19"><span class='ocrx_word' id='word_1_45' title='bbox 359 981 711 1040; x_wconf 87' lang='lat' dir='ltr'><strong>Alexandrini</strong></span> <span class='ocrx_word' id='word_1_46' title='bbox 749 1001 935 1058; x_wconf 89' lang='lat' dir='ltr'><strong>regem</strong></span> <span class='ocrx_word' id='word_1_47' title='bbox 976 1001 1135 1038; x_wconf 91' lang='lat' dir='ltr'><strong>suum</strong></span> <span class='ocrx_word' id='word_1_48' title='bbox 1155 1023 1170 1054; x_wconf 93' lang='lat'><strong>,</strong></span> <span class='ocrx_word' id='word_1_49' title='bbox 1208 983 1415 1037; x_wconf 90' lang='lat' dir='ltr'><strong>socium</strong></span> <span class='ocrx_word' id='word_1_50' title='bbox 1453 994 1616 1059; x_wconf 90' lang='lat' dir='ltr'><strong>atque</strong></span> <span class='ocrx_word' id='word_1_51' title='bbox 1653 982 1888 1037; x_wconf 91' lang='lat' dir='ltr'><strong>amicum</strong></span> <span class='ocrx_word' id='word_1_52' title='bbox 1929 1000 1960 1035; x_wconf 91' lang='lat' dir='ltr'><strong>a</strong></span> <span class='ocrx_word' id='word_1_53' title='bbox 2005 1000 2084 1034; x_wconf 90' lang='lat' dir='ltr'><strong>se-</strong></span> 
     </span>
     <span class='ocr_line' id='line_1_9' title="bbox 358 1079 2083 1158; baseline -0.003 -19"><span class='ocrx_word' id='word_1_54' title='bbox 358 1094 492 1139; x_wconf 90' lang='lat' dir='ltr'><strong>natu</strong></span> <span class='ocrx_word' id='word_1_55' title='bbox 525 1079 860 1158; x_wconf 89' lang='lat' dir='ltr'><strong>appellatum</strong></span> <span class='ocrx_word' id='word_1_56' title='bbox 879 1123 895 1154; x_wconf 94' lang='lat'><strong>,</strong></span> <span class='ocrx_word' id='word_1_57' title='bbox 927 1079 1283 1158; x_wconf 86' lang='lat' dir='ltr'><strong>expulerant,</strong></span> <span class='ocrx_word' id='word_1_58' title='bbox 1317 1102 1510 1158; x_wconf 90' lang='lat' dir='ltr'><strong>resque</strong></span> <span class='ocrx_word' id='word_1_59' title='bbox 1544 1080 1711 1158; x_wconf 88' lang='lat' dir='ltr'><strong>vulgo</strong></span> <span class='ocrx_word' id='word_1_60' title='bbox 1741 1079 2083 1157; x_wconf 89' lang='lat' dir='ltr'><strong>improbaba-</strong></span> 
     </span>
     <span class='ocr_line' id='line_1_10' title="bbox 355 1180 2083 1258; baseline -0.002 -22"><span class='ocrx_word' id='word_1_61' title='bbox 355 1194 469 1237; x_wconf 86' lang='lat' dir='ltr'><strong>tur.</strong></span> <span class='ocrx_word' id='word_1_62' title='bbox 493 1183 611 1240; x_wconf 90' lang='lat' dir='ltr'><strong>Nec</strong></span> <span class='ocrx_word' id='word_1_63' title='bbox 632 1181 897 1253; x_wconf 85' lang='lat' dir='ltr'><strong>obtinuit,</strong></span> <span class='ocrx_word' id='word_1_64' title='bbox 926 1180 1246 1237; x_wconf 89' lang='lat' dir='ltr'><strong>adversante</strong></span> <span class='ocrx_word' id='word_1_65' title='bbox 1272 1182 1619 1258; x_wconf 88' lang='lat' dir='ltr'><strong>optimatium</strong></span> <span class='ocrx_word' id='word_1_66' title='bbox 1646 1180 1881 1236; x_wconf 89' lang='lat' dir='ltr'><strong>factione</strong></span> <span class='ocrx_word' id='word_1_67' title='bbox 1911 1200 1924 1235; x_wconf 75' lang='grc' dir='ltr'><strong>ε</strong></span> <span class='ocrx_word' id='word_1_68' title='bbox 1949 1199 2083 1255; x_wconf 93' lang='lat' dir='ltr'><strong>quo-</strong></span> 
     </span>
     <span class='ocr_line' id='line_1_11' title="bbox 361 1279 2083 1359; baseline -0.002 -22"><span class='ocrx_word' id='word_1_69' title='bbox 361 1302 483 1337; x_wconf 89' lang='lat' dir='ltr'><strong>rum</strong></span> <span class='ocrx_word' id='word_1_70' title='bbox 514 1282 894 1345; x_wconf 88' lang='lat' dir='ltr'><strong>auctoritatem</strong></span> <span class='ocrx_word' id='word_1_71' title='bbox 921 1293 984 1336; x_wconf 89' lang='lat' dir='ltr'><strong>ut</strong></span> <span class='ocrx_word' id='word_1_72' title='bbox 1010 1281 1208 1358; x_wconf 91' lang='lat' dir='ltr'><strong>quibus</strong></span> <span class='ocrx_word' id='word_1_73' title='bbox 1236 1294 1417 1359; x_wconf 88' lang='lat' dir='ltr'><strong>posset</strong></span> <span class='ocrx_word' id='word_1_74' title='bbox 1447 1282 1622 1338; x_wconf 93' lang='lat' dir='ltr'><strong>modis</strong></span> <span class='ocrx_word' id='word_1_75' title='bbox 1653 1282 1884 1336; x_wconf 92' lang='lat' dir='ltr'><strong>invicem</strong></span> <span class='ocrx_word' id='word_1_76' title='bbox 1913 1279 2083 1334; x_wconf 91' lang='lat' dir='ltr'><strong>demi-</strong></span> 
     </span>
     <span class='ocr_line' id='line_1_12' title="bbox 359 1380 2084 1460; baseline -0.002 -24"><span class='ocrx_word' id='word_1_77' title='bbox 359 1393 586 1453; x_wconf 89' lang='lat' dir='ltr'><strong>nueret,</strong></span> <span class='ocrx_word' id='word_1_78' title='bbox 612 1392 826 1459; x_wconf 71' lang='lat' dir='ltr'><strong>tropaea</strong></span> <span class='ocrx_word' id='word_1_79' title='bbox 862 1383 924 1437; x_wconf 91' lang='lat' dir='ltr'><strong>C.</strong></span> <span class='ocrx_word' id='word_1_80' title='bbox 967 1383 1134 1438; x_wconf 89' lang='lat' dir='ltr'><strong>Marii</strong></span> <span class='ocrx_word' id='word_1_81' title='bbox 1175 1383 1242 1438; x_wconf 88' lang='lat' dir='ltr'><strong>de</strong></span> <span class='ocrx_word' id='word_1_82' title='bbox 1280 1383 1586 1460; x_wconf 87' lang='lat' dir='ltr'><strong>Jugurtha,</strong></span> <span class='ocrx_word' id='word_1_83' title='bbox 1629 1382 1804 1456; x_wconf 89' lang='lat' dir='ltr'><strong>deque</strong></span> <span class='ocrx_word' id='word_1_84' title='bbox 1846 1380 2084 1436; x_wconf 86' lang='lat' dir='ltr'><strong>Cimbris</strong></span> 
     </span>
     <span class='ocr_line' id='line_1_13' title="bbox 360 1480 2084 1559; baseline -0.002 -22"><span class='ocrx_word' id='word_1_85' title='bbox 360 1492 524 1558; x_wconf 87' lang='lat' dir='ltr'><strong>atque</strong></span> <span class='ocrx_word' id='word_1_86' title='bbox 549 1482 837 1555; x_wconf 83' lang='lat' dir='ltr'><strong>TeutoniS,</strong></span> <span class='ocrx_word' id='word_1_87' title='bbox 869 1481 1002 1538; x_wconf 92' lang='lat' dir='ltr'><strong>olim</strong></span> <span class='ocrx_word' id='word_1_88' title='bbox 1031 1504 1062 1537; x_wconf 93' lang='lat' dir='ltr'><strong>a</strong></span> <span class='ocrx_word' id='word_1_89' title='bbox 1094 1482 1246 1539; x_wconf 90' lang='lat' dir='ltr'><strong>Sulla</strong></span> <span class='ocrx_word' id='word_1_90' title='bbox 1275 1483 1522 1559; x_wconf 88' lang='lat' dir='ltr'><strong>disjecta,</strong></span> <span class='ocrx_word' id='word_1_91' title='bbox 1552 1482 1811 1551; x_wconf 82' lang='lat' dir='ltr'><strong>restituit3</strong></span> <span class='ocrx_word' id='word_1_92' title='bbox 1841 1492 2004 1556; x_wconf 87' lang='lat' dir='ltr'><strong>atque</strong></span> <span class='ocrx_word' id='word_1_93' title='bbox 2027 1480 2084 1534; x_wconf 92' lang='lat' dir='ltr'><strong>in</strong></span> 
     </span>
     <span class='ocr_line' id='line_1_14' title="bbox 360 1581 2084 1658; baseline -0.002 -21"><span class='ocrx_word' id='word_1_94' title='bbox 360 1581 661 1638; x_wconf 84' lang='lat' dir='ltr'><strong>exercenda</strong></span> <span class='ocrx_word' id='word_1_95' title='bbox 691 1581 759 1637; x_wconf 92' lang='lat' dir='ltr'><strong>de</strong></span> <span class='ocrx_word' id='word_1_96' title='bbox 795 1583 1000 1638; x_wconf 90' lang='lat' dir='ltr'><strong>sicariis</strong></span> <span class='ocrx_word' id='word_1_97' title='bbox 1029 1584 1326 1658; x_wconf 86' lang='lat' dir='ltr'><strong>quaestione</strong></span> <span class='ocrx_word' id='word_1_98' title='bbox 1344 1625 1359 1655; x_wconf 94' lang='lat'><strong>,</strong></span> <span class='ocrx_word' id='word_1_99' title='bbox 1389 1603 1480 1638; x_wconf 90' lang='lat' dir='ltr'><strong>eos</strong></span> <span class='ocrx_word' id='word_1_100' title='bbox 1513 1601 1733 1657; x_wconf 92' lang='lat' dir='ltr'><strong>quoque</strong></span> <span class='ocrx_word' id='word_1_101' title='bbox 1763 1581 2084 1635; x_wconf 88' lang='lat' dir='ltr'><strong>sicariorum</strong></span> 
     </span>
     <span class='ocr_line' id='line_1_15' title="bbox 360 1679 2084 1759; baseline -0.002 -23"><span class='ocrx_word' id='word_1_102' title='bbox 360 1701 590 1736; x_wconf 90' lang='lat' dir='ltr'><strong>numero</strong></span> <span class='ocrx_word' id='word_1_103' title='bbox 637 1681 865 1754; x_wconf 89' lang='lat' dir='ltr'><strong>habuit,</strong></span> <span class='ocrx_word' id='word_1_104' title='bbox 912 1682 1007 1758; x_wconf 91' lang='lat' dir='ltr'><strong>qui</strong></span> <span class='ocrx_word' id='word_1_105' title='bbox 1057 1682 1489 1759; x_wconf 89' lang='lat' dir='ltr'><strong>proscriptione,</strong></span> <span class='ocrx_word' id='word_1_106' title='bbox 1535 1681 1604 1737; x_wconf 92' lang='lat' dir='ltr'><strong>ob</strong></span> <span class='ocrx_word' id='word_1_107' title='bbox 1659 1679 1830 1736; x_wconf 86' lang='lat' dir='ltr'><strong>relata</strong></span> <span class='ocrx_word' id='word_1_108' title='bbox 1879 1679 2084 1734; x_wconf 90' lang='lat' dir='ltr'><strong>civium</strong></span> 
     </span>
     <span class='ocr_line' id='line_1_16' title="bbox 357 1781 2082 1860; baseline -0.003 -23"><span class='ocrx_word' id='word_1_109' title='bbox 357 1799 736 1837; x_wconf 32' lang='lat' dir='ltr'><strong>‘romanorum-v</strong></span> <span class='ocrx_word' id='word_1_110' title='bbox 765 1782 972 1860; x_wconf 88' lang='lat' dir='ltr'><strong>capita,</strong></span> <span class='ocrx_word' id='word_1_111' title='bbox 1031 1783 1289 1858; x_wconf 83' lang='lat' dir='ltr'><strong>pecunias</strong></span> <span class='ocrx_word' id='word_1_112' title='bbox 1344 1783 1413 1837; x_wconf 60' lang='lat' dir='ltr'><strong>ex&#39;</strong></span> <span class='ocrx_word' id='word_1_113' title='bbox 1470 1781 1661 1836; x_wconf 87' lang='lat' dir='ltr'><strong>aerario</strong></span> <span class='ocrx_word' id='word_1_114' title='bbox 1723 1791 2082 1855; x_wconf 86' lang='lat' dir='ltr'><strong>acceperant,</strong></span> 
     </span>
     <span class='ocr_line' id='line_1_17' title="bbox 362 1880 1531 1958; baseline 0.001 -23"><span class='ocrx_word' id='word_1_115' title='bbox 362 1899 693 1957; x_wconf 85' lang='lat' dir='ltr'><strong>quamquam</strong></span> <span class='ocrx_word' id='word_1_116' title='bbox 724 1893 975 1958; x_wconf 86' lang='lat' dir='ltr'><strong>exceptos</strong></span> <span class='ocrx_word' id='word_1_117' title='bbox 1004 1880 1277 1938; x_wconf 87' lang='lat' dir='ltr'><strong>Corneliis</strong></span> <span class='ocrx_word' id='word_1_118' title='bbox 1304 1881 1531 1958; x_wconf 90' lang='lat' dir='ltr'><strong>legibus.</strong></span> 
     </span>
    </p>

    <p class='ocr_par' dir='ltr' id='par_1_4' title="bbox 359 1976 2085 2557">
     <span class='ocr_line' id='line_1_18' title="bbox 442 1976 2082 2057; baseline -0.002 -22"><span class='ocrx_word' id='word_1_119' title='bbox 442 1981 567 2036; x_wconf 90' lang='lat' dir='ltr'>XII.</span> <span class='ocrx_word' id='word_1_120' title='bbox 614 1980 949 2036; x_wconf 88' lang='lat' dir='ltr'><strong>Subornavit</strong></span> <span class='ocrx_word' id='word_1_121' title='bbox 984 1981 1150 2036; x_wconf 88' lang='lat' dir='ltr'><strong>etiam</strong></span> <span class='ocrx_word' id='word_1_122' title='bbox 1189 1982 1284 2057; x_wconf 92' lang='lat' dir='ltr'><strong>qui</strong></span> <span class='ocrx_word' id='word_1_123' title='bbox 1324 1984 1386 2038; x_wconf 87' lang='lat' dir='ltr'><strong>C.</strong></span> <span class='ocrx_word' id='word_1_124' title='bbox 1426 1980 1654 2036; x_wconf 88' lang='lat' dir='ltr'><strong>Rabirio</strong></span> <span class='ocrx_word' id='word_1_125' title='bbox 1693 1976 2082 2056; x_wconf 89' lang='lat' dir='ltr'><strong>perduellionis</strong></span> 
     </span>
     <span class='ocr_line' id='line_1_19' title="bbox 364 2079 2085 2158; baseline -0.003 -22"><span class='ocrx_word' id='word_1_126' title='bbox 364 2079 507 2137; x_wconf 89' lang='lat' dir='ltr'><strong>diem</strong></span> <span class='ocrx_word' id='word_1_127' title='bbox 539 2080 742 2136; x_wconf 87' lang='lat' dir='ltr'><strong>diceret</strong></span> <span class='ocrx_word' id='word_1_128' title='bbox 771 2102 783 2135; x_wconf 70' lang='grc' dir='ltr'><em>ε</em></span> <span class='ocrx_word' id='word_1_129' title='bbox 818 2102 928 2157; x_wconf 93' lang='lat' dir='ltr'><strong>quo</strong></span> <span class='ocrx_word' id='word_1_130' title='bbox 961 2082 1240 2158; x_wconf 79' lang='lat' dir='ltr'><strong>praecipuo</strong></span> <span class='ocrx_word' id='word_1_131' title='bbox 1275 2079 1555 2156; x_wconf 89' lang='lat' dir='ltr'><strong>adjutore,</strong></span> <span class='ocrx_word' id='word_1_132' title='bbox 1589 2079 1798 2155; x_wconf 86' lang='lat' dir='ltr'><strong>aliquot</strong></span> <span class='ocrx_word' id='word_1_133' title='bbox 1830 2090 1956 2133; x_wconf 87' lang='lat' dir='ltr'><strong>ante</strong></span> <span class='ocrx_word' id='word_1_134' title='bbox 1992 2098 2085 2132; x_wconf 90' lang='lat' dir='ltr'><strong>an-</strong></span> 
     </span>
     <span class='ocr_line' id='line_1_20' title="bbox 363 2177 2083 2237; baseline -0.002 -2"><span class='ocrx_word' id='word_1_135' title='bbox 363 2201 462 2237; x_wconf 91' lang='lat' dir='ltr'><strong>nos</strong></span> <span class='ocrx_word' id='word_1_136' title='bbox 485 2183 550 2236; x_wconf 92' lang='lat' dir='ltr'><strong>L.</strong></span> <span class='ocrx_word' id='word_1_137' title='bbox 579 2181 860 2236; x_wconf 83' lang='lat' dir='ltr'><strong>Saturnini</strong></span> <span class='ocrx_word' id='word_1_138' title='bbox 885 2177 1568 2236; x_wconf 48' lang='lat' dir='ltr'><strong>seditiosum&#39;tribunatum</strong></span> <span class='ocrx_word' id='word_1_139' title='bbox 1598 2190 1811 2235; x_wconf 87' lang='lat' dir='ltr'><strong>senatus</strong></span> <span class='ocrx_word' id='word_1_140' title='bbox 1831 2197 2083 2232; x_wconf 88' lang='lat' dir='ltr'><strong>coercue-</strong></span> 
     </span>
     <span class='ocr_line' id='line_1_21' title="bbox 364 2276 2082 2356; baseline -0.003 -20"><span class='ocrx_word' id='word_1_141' title='bbox 364 2293 451 2336; x_wconf 87' lang='lat' dir='ltr'><strong>rat</strong></span> <span class='ocrx_word' id='word_1_142' title='bbox 487 2301 501 2335; x_wconf 90' lang='lat'>:</span> <span class='ocrx_word' id='word_1_143' title='bbox 543 2301 606 2336; x_wconf 88' lang='lat' dir='ltr'><strong>ae</strong></span> <span class='ocrx_word' id='word_1_144' title='bbox 641 2292 785 2336; x_wconf 86' lang='lat' dir='ltr'><strong>sorte</strong></span> <span class='ocrx_word' id='word_1_145' title='bbox 813 2280 982 2356; x_wconf 84' lang='lat' dir='ltr'><strong>judex</strong></span> <span class='ocrx_word' id='word_1_146' title='bbox 1022 2281 1078 2335; x_wconf 91' lang='lat' dir='ltr'><strong>in</strong></span> <span class='ocrx_word' id='word_1_147' title='bbox 1108 2279 1264 2335; x_wconf 88' lang='lat' dir='ltr'><strong>reum</strong></span> <span class='ocrx_word' id='word_1_148' title='bbox 1307 2279 1538 2349; x_wconf 89' lang='lat' dir='ltr'><strong>ductus,</strong></span> <span class='ocrx_word' id='word_1_149' title='bbox 1575 2291 1686 2333; x_wconf 88' lang='lat' dir='ltr'><strong>tam</strong></span> <span class='ocrx_word' id='word_1_150' title='bbox 1725 2276 1923 2354; x_wconf 87' lang='lat' dir='ltr'><strong>cupide</strong></span> <span class='ocrx_word' id='word_1_151' title='bbox 1952 2296 2082 2331; x_wconf 91' lang='lat' dir='ltr'><strong>con-</strong></span> 
     </span>
     <span class='ocr_line' id='line_1_22' title="bbox 364 2376 2082 2457; baseline -0.005 -21"><span class='ocrx_word' id='word_1_152' title='bbox 364 2380 671 2451; x_wconf 85' lang='lat' dir='ltr'><strong>demnavit,</strong></span> <span class='ocrx_word' id='word_1_153' title='bbox 719 2392 784 2435; x_wconf 90' lang='lat' dir='ltr'><strong>ut</strong></span> <span class='ocrx_word' id='word_1_154' title='bbox 829 2379 898 2435; x_wconf 93' lang='lat' dir='ltr'><strong>ad</strong></span> <span class='ocrx_word' id='word_1_155' title='bbox 945 2379 1212 2457; x_wconf 92' lang='lat' dir='ltr'><strong>populum</strong></span> <span class='ocrx_word' id='word_1_156' title='bbox 1260 2378 1582 2456; x_wconf 87' lang='lat' dir='ltr'><strong>provocanti</strong></span> <span class='ocrx_word' id='word_1_157' title='bbox 1638 2376 1775 2433; x_wconf 88' lang='lat' dir='ltr'><strong>nihil</strong></span> <span class='ocrx_word' id='word_1_158' title='bbox 1826 2396 1978 2451; x_wconf 85' lang='lat' dir='ltr'><strong>aeque</strong></span> <span class='ocrx_word' id='word_1_159' title='bbox 2022 2394 2082 2428; x_wconf 87' lang='lat' dir='ltr'><strong>ac</strong></span> 
     </span>
     <span class='ocr_line' id='line_1_23' title="bbox 359 2479 1168 2557; baseline -0.001 -22"><span class='ocrx_word' id='word_1_160' title='bbox 359 2479 556 2557; x_wconf 89' lang='lat' dir='ltr'><strong>judicis</strong></span> <span class='ocrx_word' id='word_1_161' title='bbox 586 2481 851 2535; x_wconf 88' lang='lat' dir='ltr'><strong>acerbitas</strong></span> <span class='ocrx_word' id='word_1_162' title='bbox 880 2479 1168 2556; x_wconf 71' lang='lat' dir='ltr'><strong>profuerit;</strong></span> 
     </span>
    </p>

    <p class='ocr_par' dir='ltr' id='par_1_5' title="bbox 363 2574 2083 3151">
     <span class='ocr_line' id='line_1_24' title="bbox 442 2574 2082 2655; baseline -0.004 -21"><span class='ocrx_word' id='word_1_163' title='bbox 442 2580 592 2634; x_wconf 90' lang='lat' dir='ltr'>XIII.</span> <span class='ocrx_word' id='word_1_164' title='bbox 640 2579 900 2655; x_wconf 87' lang='lat' dir='ltr'><strong>Deposita</strong></span> <span class='ocrx_word' id='word_1_165' title='bbox 929 2579 1223 2654; x_wconf 87' lang='lat' dir='ltr'><strong>provinciae</strong></span> <span class='ocrx_word' id='word_1_166' title='bbox 1244 2599 1363 2655; x_wconf 91' lang='lat' dir='ltr'><strong>spe,</strong></span> <span class='ocrx_word' id='word_1_167' title='bbox 1386 2576 1766 2654; x_wconf 90' lang='lat' dir='ltr'><strong>pontificatum</strong></span> <span class='ocrx_word' id='word_1_168' title='bbox 1786 2574 2082 2630; x_wconf 86' lang='lat' dir='ltr'><strong>maximum</strong></span> 
     </span>
     <span class='ocr_line' id='line_1_25' title="bbox 364 2673 2083 2755; baseline -0.004 -21"><span class='ocrx_word' id='word_1_169' title='bbox 364 2679 546 2755; x_wconf 91' lang='lat' dir='ltr'><strong>petiit,</strong></span> <span class='ocrx_word' id='word_1_170' title='bbox 574 2699 686 2733; x_wconf 89' lang='lat' dir='ltr'><strong>non</strong></span> <span class='ocrx_word' id='word_1_171' title='bbox 712 2679 827 2733; x_wconf 88' lang='lat' dir='ltr'><strong>sine</strong></span> <span class='ocrx_word' id='word_1_172' title='bbox 853 2678 1230 2755; x_wconf 83' lang='lat' dir='ltr'><strong>profusissima</strong></span> <span class='ocrx_word' id='word_1_173' title='bbox 1259 2677 1566 2754; x_wconf 84' lang='lat' dir='ltr'><strong>largitione.</strong></span> <span class='ocrx_word' id='word_1_174' title='bbox 1597 2673 1662 2731; x_wconf 89' lang='lat' dir='ltr'><strong>In</strong></span> <span class='ocrx_word' id='word_1_175' title='bbox 1691 2696 1797 2751; x_wconf 92' lang='lat' dir='ltr'><strong>qua</strong></span> <span class='ocrx_word' id='word_1_176' title='bbox 1828 2685 2083 2751; x_wconf 87' lang='lat' dir='ltr'><strong>reputans</strong></span> 
     </span>
     <span class='ocr_line' id='line_1_26' title="bbox 363 2772 2083 2854; baseline -0.003 -22"><span class='ocrx_word' id='word_1_177' title='bbox 363 2777 799 2854; x_wconf 84' lang='lat' dir='ltr'><strong>magnitudinem</strong></span> <span class='ocrx_word' id='word_1_178' title='bbox 813 2779 933 2834; x_wconf 80' lang='lat' dir='ltr'><strong>aeris</strong></span> <span class='ocrx_word' id='word_1_179' title='bbox 947 2777 1139 2849; x_wconf 91' lang='lat' dir='ltr'><strong>alieni,</strong></span> <span class='ocrx_word' id='word_1_180' title='bbox 1157 2798 1328 2853; x_wconf 93' lang='lat' dir='ltr'><strong>quum</strong></span> <span class='ocrx_word' id='word_1_181' title='bbox 1347 2797 1505 2832; x_wconf 90' lang='lat' dir='ltr'><strong>mane</strong></span> <span class='ocrx_word' id='word_1_182' title='bbox 1529 2774 1599 2831; x_wconf 92' lang='lat' dir='ltr'><strong>ad</strong></span> <span class='ocrx_word' id='word_1_183' title='bbox 1621 2775 1844 2831; x_wconf 89' lang='lat' dir='ltr'><strong>comitia</strong></span> <span class='ocrx_word' id='word_1_184' title='bbox 1867 2772 2083 2828; x_wconf 89' lang='lat' dir='ltr'><strong>descen-</strong></span> 
     </span>
     <span class='ocr_line' id='line_1_27' title="bbox 364 2871 2082 2953; baseline -0.004 -21"><span class='ocrx_word' id='word_1_185' title='bbox 364 2875 546 2945; x_wconf 88' lang='lat' dir='ltr'><strong>deret,</strong></span> <span class='ocrx_word' id='word_1_186' title='bbox 573 2877 883 2953; x_wconf 69' lang='lat' dir='ltr'><strong>praedixisse</strong></span> <span class='ocrx_word' id='word_1_187' title='bbox 912 2878 1076 2933; x_wconf 88' lang='lat' dir='ltr'><strong>matri</strong></span> <span class='ocrx_word' id='word_1_188' title='bbox 1108 2876 1377 2932; x_wconf 87' lang='lat' dir='ltr'><strong>osculanti</strong></span> <span class='ocrx_word' id='word_1_189' title='bbox 1407 2876 1612 2948; x_wconf 84' lang='lat' dir='ltr'><strong>fertur,</strong></span> <span class='ocrx_word' id='word_1_190' title='bbox 1644 2874 1868 2929; x_wconf 91' lang='lat' dir='ltr'><strong>domum</strong></span> <span class='ocrx_word' id='word_1_191' title='bbox 1896 2893 1951 2928; x_wconf 90' lang='lat' dir='ltr'><strong>se</strong></span> <span class='ocrx_word' id='word_1_192' title='bbox 1979 2871 2082 2927; x_wconf 90' lang='lat' dir='ltr'><strong>nisi</strong></span> 
     </span>
     <span class='ocr_line' id='line_1_28' title="bbox 364 2971 2080 3051; baseline -0.003 -21"><span class='ocrx_word' id='word_1_193' title='bbox 364 2975 671 3051; x_wconf 88' lang='lat' dir='ltr'><strong>pontificem</strong></span> <span class='ocrx_word' id='word_1_194' title='bbox 694 2997 804 3032; x_wconf 90' lang='lat' dir='ltr'><strong>non</strong></span> <span class='ocrx_word' id='word_1_195' title='bbox 832 2997 1195 3033; x_wconf 85' lang='lat' dir='ltr'><strong>reversurum.</strong></span> <span class='ocrx_word' id='word_1_196' title='bbox 1219 2978 1399 3050; x_wconf 85' lang='lat' dir='ltr'><strong>Atque</strong></span> <span class='ocrx_word' id='word_1_197' title='bbox 1422 2976 1498 3033; x_wconf 83' lang='lat' dir='ltr'><strong>ita</strong></span> <span class='ocrx_word' id='word_1_198' title='bbox 1521 2973 1925 3050; x_wconf 86' lang='lat' dir='ltr'><strong>potentissimos</strong></span> <span class='ocrx_word' id='word_1_199' title='bbox 1948 2971 2080 3025; x_wconf 84' lang='lat' dir='ltr'><strong>duos</strong></span> 
     </span>
     <span class='ocr_line' id='line_1_29' title="bbox 363 3072 2077 3151; baseline -0.003 -23"><span class='ocrx_word' id='word_1_200' title='bbox 363 3075 777 3151; x_wconf 83' lang='lat' dir='ltr'><strong>competitores,</strong></span> <span class='ocrx_word' id='word_1_201' title='bbox 818 3074 1161 3150; x_wconf 88' lang='lat' dir='ltr'><strong>multumque</strong></span> <span class='ocrx_word' id='word_1_202' title='bbox 1193 3086 1249 3131; x_wconf 87' lang='lat' dir='ltr'><strong>et</strong></span> <span class='ocrx_word' id='word_1_203' title='bbox 1279 3084 1434 3130; x_wconf 85' lang='lat' dir='ltr'><strong>aetate</strong></span> <span class='ocrx_word' id='word_1_204' title='bbox 1473 3086 1527 3128; x_wconf 91' lang='lat' dir='ltr'><strong>et</strong></span> <span class='ocrx_word' id='word_1_205' title='bbox 1566 3072 1830 3150; x_wconf 87' lang='lat' dir='ltr'><strong>dignitate</strong></span> <span class='ocrx_word' id='word_1_206' title='bbox 1865 3082 2077 3125; x_wconf 89' lang='lat' dir='ltr'><strong>antece-</strong></span> 
     </span>
    </p>
   </div>
   <div class='ocr_carea' id='block_1_3' title="bbox 268 3169 2078 3252">
    <p class='ocr_par' dir='ltr' id='par_1_6' title="bbox 268 3169 2078 3252">
     <span class='ocr_line' id='line_1_30' title="bbox 268 3169 2078 3252; baseline -0.002 -26"><span class='ocrx_word' id='word_1_207' title='bbox 268 3196 275 3200; x_wconf 97' lang='lat'>·</span> <span class='ocrx_word' id='word_1_208' title='bbox 365 3171 580 3243; x_wconf 86' lang='lat' dir='ltr'><strong>dentes,</strong></span> <span class='ocrx_word' id='word_1_209' title='bbox 611 3176 916 3250; x_wconf 89' lang='lat' dir='ltr'><strong>superavit,</strong></span> <span class='ocrx_word' id='word_1_210' title='bbox 946 3187 1008 3230; x_wconf 88' lang='lat' dir='ltr'><strong>ut</strong></span> <span class='ocrx_word' id='word_1_211' title='bbox 1042 3174 1202 3252; x_wconf 90' lang='lat' dir='ltr'><strong>plura</strong></span> <span class='ocrx_word' id='word_1_212' title='bbox 1231 3176 1347 3250; x_wconf 90' lang='lat' dir='ltr'><strong>ipse</strong></span> <span class='ocrx_word' id='word_1_213' title='bbox 1382 3175 1439 3228; x_wconf 91' lang='lat' dir='ltr'><strong>in</strong></span> <span class='ocrx_word' id='word_1_214' title='bbox 1472 3195 1663 3229; x_wconf 91' lang='lat' dir='ltr'><strong>eorum</strong></span> <span class='ocrx_word' id='word_1_215' title='bbox 1696 3171 1944 3229; x_wconf 90' lang='lat' dir='ltr'><strong>tribubus</strong></span> <span class='ocrx_word' id='word_1_216' title='bbox 1972 3169 2078 3225; x_wconf 87' lang='lat' dir='ltr'><strong>suf·-</strong></span> 
     </span>
    </p>
   </div>
   <div class='ocr_carea' id='block_1_4' title="bbox 364 3270 1637 3351">
    <p class='ocr_par' dir='ltr' id='par_1_7' title="bbox 364 3270 1637 3351">
     <span class='ocr_line' id='line_1_31' title="bbox 364 3270 1637 3351; baseline 0.002 -27"><span class='ocrx_word' id='word_1_217' title='bbox 364 3270 558 3346; x_wconf 87' lang='lat' dir='ltr'><strong>fragia,</strong></span> <span class='ocrx_word' id='word_1_218' title='bbox 586 3294 750 3348; x_wconf 88' lang='lat' dir='ltr'><strong>quam</strong></span> <span class='ocrx_word' id='word_1_219' title='bbox 780 3287 1009 3351; x_wconf 90' lang='lat' dir='ltr'><strong>uterque</strong></span> <span class='ocrx_word' id='word_1_220' title='bbox 1038 3277 1094 3331; x_wconf 90' lang='lat' dir='ltr'><strong>in</strong></span> <span class='ocrx_word' id='word_1_221' title='bbox 1120 3275 1399 3345; x_wconf 80' lang='lat' dir='ltr'><strong>omnibuS,</strong></span> <span class='ocrx_word' id='word_1_222' title='bbox 1431 3273 1637 3329; x_wconf 90' lang='lat' dir='ltr'><strong>tulerit.</strong></span> 
     </span>
    </p>
   </div>
   <div class='ocr_carea' id='block_1_5' title="bbox 2350 2869 2372 3918">
    <p class='ocr_par' dir='ltr' id='par_1_8' title="bbox 2350 2869 2372 3918">
     <span class='ocr_line' id='line_1_32' title="bbox 2350 2869 2372 3918; baseline 0 0"><span class='ocrx_word' id='word_1_223' title='bbox 2350 2869 2372 3918; x_wconf 95' lang='lat' dir='ltr'><strong> </strong></span> 
     </span>
    </p>
   </div>
   <div class='ocr_carea' id='block_1_6' title="bbox 2352 3358 2362 3915">
    <p class='ocr_par' dir='ltr' id='par_1_9' title="bbox 2352 3358 2362 3915">
     <span class='ocr_line' id='line_1_33' title="bbox 2352 3358 2362 3915; baseline 0 0"><span class='ocrx_word' id='word_1_224' title='bbox 2352 3358 2362 3915; x_wconf 95' lang='lat' dir='ltr'><strong> </strong></span> 
     </span>
    </p>
   </div>
  </div>
 </body>
</html>
