2372 3918
953 277 1283 323 CLAUDIUS.
1880 299 1972 345 229

259 394 425 438 retur.
474 385 663 456 Quum
692 382 759 438 de
787 380 943 437 laniis
973 401 1037 436 ac
1066 381 1291 437 vinariis
1318 393 1600 458 ageretur,
1643 384 1966 445 exclamavit

259 484 311 536 in
338 483 506 538 Curia
534 503 546 538 :
594 506 620 534 α
642 484 802 558 Rogo
832 502 954 553 VOS,
981 482 1103 557 quis
1132 492 1307 557 potest
1346 481 1464 537 sine
1495 482 1666 539 offula
1702 487 1917 543 vivere?
1944 512 1969 540 »

255 581 647 659 descripsitque
684 580 1079 637 abundantiam
1108 593 1350 637 veterum
1395 581 1779 656 tabernarum,
1827 587 1970 643 unde

254 680 444 738 solitus
485 693 623 738 esset
668 681 859 736 vinum
897 679 1029 736 olim
1072 692 1128 736 et
1171 681 1286 758 ipse
1323 692 1521 758 petere.
1574 684 1660 738 De
1702 697 1969 759 quaestore

253 781 488 856 quodam
529 778 819 837 candidato
865 780 1007 836 inter
1041 801 1229 837 causas
1269 780 1679 859 suffragationis
1721 803 1831 839 suae
1876 806 1971 862 po-

253 882 386 953 suit,
434 879 630 956 «quod
665 892 818 957 pater
855 880 971 957 ejus
1014 880 1266 959 frigidam
1313 902 1459 959 aegro
1502 883 1602 938 sibi
1655 886 1972 960 tempestive

251 979 503 1036 dedisset.
532 1004 559 1033 »
615 979 844 1037 Inducta
889 993 1023 1037 teste
1076 981 1129 1036 in
1181 993 1406 1052 senatu,
1453 985 1655 1055 «Haec,
1684 1008 1709 1036 »
1761 984 1969 1061 iuquit,

250 1082 479 1137 «matris
508 1101 642 1137 meae
669 1079 863 1137 liberta
898 1093 951 1137 et
985 1084 1229 1137 ornatrix
1255 1081 1396 1138 fuit:
1428 1082 1521 1138 sed
1554 1103 1641 1138 me
1675 1095 1969 1160 patronum

260 1201 475 1258 semper
517 1182 861 1244 existimavit.
907 1184 1028 1238 Hoc
1062 1181 1183 1238 ideo
1223 1182 1359 1255 dixi,
1401 1183 1550 1259 quod
1584 1183 1807 1260 quidam
1844 1198 1971 1241 sunt

250 1281 427 1337 adhuc
459 1283 515 1337 in
551 1281 717 1338 domo
748 1303 903 1356 mea,
954 1284 1049 1360 qui
1083 1304 1169 1340 me
1208 1297 1505 1361 patronum
1550 1304 1659 1342 non
1699 1298 1910 1361 putant.
1944 1312 1968 1337 »

253 1380 361 1437 Sed
390 1393 445 1437 et
468 1403 570 1459 pro
602 1381 892 1456 tribunali,
915 1384 1260 1440 Ostiensibus
1288 1383 1549 1460 quiddam
1578 1383 1794 1461 publice
1812 1405 1971 1441 oran-

251 1481 423 1554 tibus,
455 1503 625 1558 quum
650 1482 1027 1545 excanduisset
1044 1526 1060 1555 ,
1096 1509 1121 1536 α
1144 1482 1235 1540 Nil
1262 1485 1464 1540 habere
1491 1506 1572 1556 se,
1590 1509 1618 1537 2>
1645 1484 1968 1542 vociferatus

251 1594 359 1654 est,
395 1602 606 1658 «quare
640 1603 732 1638 eos
762 1582 1141 1639 demereatur:
1175 1584 1219 1639 si
1247 1605 1410 1660 quem
1434 1583 1630 1656 alium,
1662 1596 1717 1640 et
1743 1605 1800 1641 se
1832 1583 1966 1641 libe-

250 1702 370 1736 rum
402 1702 534 1738 esse.
558 1705 587 1735 »
616 1684 761 1739 Nam
795 1681 887 1738 illa
913 1683 1029 1758 ejus
1062 1684 1409 1759 quotidiana,
1443 1696 1499 1739 et
1531 1683 1691 1760 plane
1722 1687 1965 1740 omnium

244 1781 503 1837 horarum
526 1794 579 1838 et
614 1794 1023 1838 momentorum
1055 1795 1244 1855 erant,
1278 1808 1305 1836 <c
1321 1783 1509 1856 Quid?
1543 1805 1645 1861 ego
1677 1786 1772 1839 tibi
1795 1786 1970 1841 Theo-

247 1883 443 1959 gonius
477 1881 702 1938 videor?
721 1906 748 1935 »
776 1894 860 1952 et,
887 1877 1108 1955 «λάλει,
1128 1890 1215 1939 καὶ
1242 1880 1326 1957 μὴ
1359 1879 1656 1951 θίγγανε»
1689 1883 1969 1961 multaque

246 1980 401 2054 talia,
433 1983 598 2039 etiam
639 1983 866 2059 privatis
900 1982 1195 2055 deformia,
1240 1982 1441 2045 nedum
1476 1985 1739 2061 principi,
1790 2005 1967 2061 neque

245 2081 576 2154 infacundO,
637 2102 816 2158 neque
875 2082 1126 2156 indocto,
1177 2085 1343 2140 immo
1395 2085 1559 2141 etiam
1615 2086 1968 2162 pertinaciter

250 2180 562 2239 liberalibus
592 2182 786 2239 studiis
813 2182 1014 2239 dedite.

324 2285 470 2339 XLI.
515 2283 810 2339 Historiam
852 2284 909 2339 in
948 2283 1341 2355 adolescentia,
1384 2287 1638 2341 hortante
1677 2289 1740 2342 Τ.
1784 2288 1966 2359 Livio,

245 2380 492 2459 Sulpicio
519 2404 648 2439 vero
675 2381 843 2439 Flavo
869 2391 1034 2440 etiam
1064 2384 1149 2460 adj
1159 2397 1386 2456 uvante,
1416 2385 1651 2442 scribere
1681 2406 1966 2464 aggressus

244 2498 360 2543 esta
376 2489 448 2543 Et
485 2507 655 2562 quum
693 2488 933 2563 primum
966 2486 1237 2563 frequenti
1270 2487 1544 2544 auditorio
1579 2489 1965 2558 commisisset,

247 2608 387 2664 {egre
411 2585 664 2664 perlegit,
695 2586 1049 2664 refrigeratus
1075 2608 1216 2666 saepe
1239 2608 1269 2643 a
1295 2589 1603 2666 semetipso,
1630 2589 1774 2646 Nam
1794 2608 1964 2664 quum

246 2687 400 2742 initio
430 2686 792 2757 recitationiS,
827 2687 1079 2743 defractis
1107 2686 1484 2764 compluribus
1522 2685 1791 2744 subselliis
1825 2688 1957 2744 obe-

244 2788 402 2841 sitate
430 2784 740 2861 cujusdam,
777 2786 917 2840 risus
944 2797 1167 2841 exortus
1194 2799 1370 2857 esset3
1416 2808 1484 2843 ue
1520 2787 1707 2843 sedato
1742 2787 1963 2864 quidem

245 2884 483 2941 tumultu
521 2898 825 2962 temperare
869 2887 1075 2962 potuit,
1119 2887 1252 2961 quin
1298 2907 1362 2941 ex
1406 2885 1692 2943 intervallo
1735 2888 1966 2944 subinde

245 2986 369 3042 facti
402 2984 858 3056 reminisceretur,
891 2986 1297 3062 cachinnosque
1327 2998 1622 3042 revocaret.
1662 2989 1725 3041 In
1761 2987 1964 3063 princi-

246 3098 375 3162 patu
406 3105 625 3161 quoque
652 3097 706 3140 et
747 3085 964 3162 scripsit
996 3083 1294 3163 plurimum
1318 3128 1332 3156 ,
1377 3097 1430 3141 et
1471 3084 1683 3142 assidue
1715 3087 1964 3142 recitavit

245 3206 342 3262 per
363 3183 637 3241 lectorem.
671 3186 893 3241 Initium
924 3197 1107 3242 autem
1137 3187 1326 3241 sumsit
1352 3186 1589 3242 historiae
1620 3198 1743 3262 post
1761 3184 1959 3242 caedem

246 3287 466 3342 Caesaris
496 3284 792 3341 dictatoris.
822 3284 926 3341 Sed
960 3297 1013 3340 et
1045 3286 1261 3341 transiit
1300 3285 1365 3340 ad
1403 3285 1657 3341 iuferiora
1688 3296 1931 3362 tempora
1950 3330 1963 3355 ,
