2372 3918
817 259 885 304 IN
919 257 1355 303 DOMITIANUM.
1855 253 1881 299 3
1895 270 1907 299 ι
1920 254 1947 299 3

297 358 523 404 Occisum.
547 359 589 402 A
611 355 761 401 Lucio
783 354 1016 410 Maximo,
1039 350 1244 400 docente
1265 351 1472 412 xiphi1.‚
1493 350 1574 397 ub.
1599 366 1701 411 sup.
1715 385 1728 408 ,
1751 367 1797 411 p.
1819 350 1910 409 764
1939 366 1950 394 ε

229 431 285 483 Ον
303 434 384 497 (sc.
408 429 689 495 Antonium)
706 439 868 486 Λούκιος
890 435 1078 492 Μάξιμος
1102 435 1415 491 κατηγωνῖσατο
1438 435 1509 478 καὶ
1533 435 1725 477 motam.

298 523 408 568 Cn.
431 522 537 567 v11.
564 520 820 582 Sportulas.
846 516 970 562 Vide
1001 517 1174 561 Neron.
1188 546 1204 570 ,
1229 530 1328 560 xvi.

294 601 538 646 Rectamm
568 610 817 641 coenarum.
848 592 971 639 Vide
995 595 1144 652 Augu,
1171 606 1330 636 xxxxv.

294 674 469 721 Auraei
494 672 825 733 purpureique.
861 668 1012 714 Aliter
1041 667 1249 729 Xiphil.,
1273 667 1353 713 ub.
1380 682 1509 728 sup.,
1537 680 1586 728 p.
1621 665 1715 723 760
1748 681 1759 711 τ
1789 674 1846 716 Τὸ
1882 678 1952 732 με,

225 764 407 819 χρυσοῦν,
434 758 480 800 τὸ
503 753 552 799 δὲ
578 756 764 814 ἀργυροῦν
792 753 1007 811 ὀνομάσας.

296 837 615 885 Castrari.1ta
647 834 912 880 Philostrat.
951 834 1172 893 Apollore.
1205 832 1321 887 Via,
1357 847 1435 889 vx,
1476 848 1548 886 17.
1574 832 1679 876 Hoc
1714 829 1878 877 fecisse
1906 830 1955 875 in

227 913 559 961 contumeliam
578 910 674 956 Titi
698 896 860 955 narrat
893 908 1075 968 Xiphil.
1090 943 1103 966 ,
1128 907 1208 954 ub.
1234 923 1364 969 sup.,
1388 924 1435 968 p.
1463 908 1572 968 759.

293 990 491 1051 Negligi
509 1004 634 1032 arva.
664 989 861 1033 Causam
890 986 1055 1043 aliam,
1080 985 1176 1030 scil.
1206 984 1493 1030 seditionum
1521 982 1762 1028 materiem
1786 982 1959 1029 exvini

230 1064 521 1112 abundantia
545 1063 697 1108 adfert
714 1062 979 1108 Philostrat.
998 1094 1012 1118 ,
1047 1063 1269 1122 Apollon.
1305 1062 1389 1106 Vit.
1406 1094 1422 1116 ‚
1451 1077 1500 1106 vx
1517 1095 1529 1118 ,
1561 1077 1633 1117 ¹7·

294 1143 575 1187 Novellaret.
607 1141 665 1185 H.
696 1155 737 1184 e.
760 1154 908 1183 novas
933 1138 1050 1183 vites
1071 1139 1323 1198 plantaret.

298 1229 463 1274 Castra
478 1226 731 1287 prohibuit.
763 1225 872 1271 Scil.
911 1234 1041 1270 metu
1077 1224 1363 1271 seditionum
1381 1259 1394 1283 ,
1428 1241 1532 1287 quae
1568 1241 1688 1287 saepe
1727 1226 1961 1281 oriuntur,

233 1322 378 1369 quum
415 1304 466 1349 in
496 1302 657 1349 eadem
689 1311 838 1348 castra
866 1302 970 1347 duae
994 1302 1203 1363 legiones
1236 1312 1425 1348 coeunt.

297 1394 380 1439 Ad
407 1393 557 1452 signa.
583 1417 649 1424 —-
668 1390 992 1451 Inprincipiis
1026 1387 1153 1454 (vide
1190 1390 1252 1436 ad
1281 1391 1450 1437 Otlzon.
1465 1425 1480 1446 ‚
1518 1390 1555 1454 1)
1586 1391 1755 1436 milites
1787 1401 1961 1437 certam

225 1480 411 1532 partem
436 1467 658 1528 stipendii
692 1475 738 1512 et
760 1466 970 1527 pecuniae
1001 1481 1027 1512 e
1060 1467 1297 1513 donativis
1329 1476 1532 1530 acceptae
1555 1468 1797 1530 deponere
1831 1469 1962 1514 sole-

230 1547 372 1603 bant,
401 1560 506 1606 quae
532 1543 826 1589 reddebatur
849 1543 904 1588 iis
928 1541 1058 1588 finita
1083 1543 1263 1590 militia.

297 1637 476 1679 Aureos
506 1641 675 1676 ternos·
706 1632 762 1676 H.
789 1647 828 1676 e.
862 1631 923 1675 ad
947 1640 1043 1676 tres
1068 1647 1263 1690 aureos,
1296 1631 1394 1678 sive
1439 1642 1755 1695 septuagenos
1790 1633 1965 1693 quinos

232 1711 475 1767 denarios,
503 1724 626 1770 quos
650 1708 945 1769 accipiebant
969 1718 1141 1770 quarto
1167 1726 1363 1770 quoque
1388 1727 1548 1755 mense
1574 1711 1767 1767 milites,
1792 1710 1966 1769 adjecit

232 1804 426 1834 aureum
458 1803 636 1843 unum,
674 1786 770 1831 sive
804 1786 1019 1849 quinque
1065 1802 1119 1833 ac
1151 1786 1321 1848 viginti
1355 1788 1589 1834 denarios.
1635 1788 1705 1834 Cf.
1751 1790 1964 1846 Zoitia„

229 1868 438 1919 Annal.‚
467 1880 532 1921 11,
564 1878 612 1924 p.
646 1862 752 1923 196.

299 1955 404 1999 Cn).
434 1952 565 1997 VIII.
592 1951 893 1997 Ambitiosas.
919 1979 983 1986 —
1008 1953 1287 1998 Ambitiosoe
1309 1956 1552 1999 sententia:
1577 1963 1687 1999 sunt
1711 1954 1966 2001 studiosius

238 2027 374 2072 dictae
396 2027 459 2072 ad
491 2023 864 2087 comparandum
896 2028 1106 2074 favorem
1129 2046 1297 2076 eorum
1324 2030 1496 2091 quibus
1519 2031 1852 2076 consulebatur
1881 2032 1965 2090 ju-

236 2104 379 2150 dicio.

305 2189 592 2250 Perfusotiis
616 2190 962 2238 assertionibus,
991 2217 1056 2226 —
1088 2194 1297 2237 Assertio
1321 2201 1390 2238 est
1412 2193 1671 2240 vindicatio
1695 2195 1744 2240 in
1767 2196 1962 2242 liberta-

237 2276 331 2312 tem
347 2285 360 2326 3
374 2267 676 2328 perfusoria,
702 2281 797 2327 qua
812 2282 900 2327 per
923 2267 1139 2313 fraudem
1161 2278 1208 2314 et
1232 2269 1512 2315 calumniam
1530 2273 1831 2331 perfunditur
1854 2278 1967 2337 (⁶⁰7-

239 2342 400 2406 χύετσιι)
425 2342 647 2388 dominus
662 2342 815 2402 servi,
840 2344 1058 2405 adeoque
1082 2345 1291 2405 deceptis
1311 2345 1553 2405 judicibus
1576 2347 1934 2394 condemnatur.

301 2420 618 2464 Nummarios.
644 2420 702 2466 H.
728 2435 767 2464 e.
815 2415 1017 2466 nummis
1040 2438 1123 2466 seu
1146 2422 1349 2482 pecunia
1372 2432 1641 2483 corruptos.
1674 2426 1740 2469 lta
1771 2425 1865 2470 Cic.
1902 2427 1973 2469 ad

236 2501 337 2542 Act.
351 2528 366 2551 ,
404 2511 447 2553 1,
484 2497 540 2541 13
569 2512 583 2543 ε
608 2516 632 2538 α
649 2495 921 2542 Excitandis
945 2498 1334 2560 exagitandisque
1349 2499 1623 2545 nummariis
1634 2500 1891 2560 judicibus.
1918 2522 1937 2542 υ

303 2574 564 2620 Sordidum.
594 2575 651 2619 H.
677 2589 717 2618 e.
748 2574 957 2634 pecuniae
979 2574 1344 2636 cupidissimum.

305 2662 491 2707 Morum
529 2662 819 2707 correctione.
859 2662 993 2710 Hanc
1041 2674 1320 2724 perpetuam
1370 2666 1556 2723 sumsit,
1603 2675 1720 2713 teste
1761 2666 1968 2727 xiphi1.‚

243 2754 405 2797 van,
434 2754 483 2799 p.
510 2739 605 2797 760
640 2755 651 2781 τ
686 2747 867 2802 Τιμητὴς
888 2743 961 2790 διὰ
986 2746 1085 2791 δίου.

305 2828 363 2870 In
394 2827 561 2887 equite.
592 2827 652 2871 H.
683 2841 722 2872 e.
748 2826 873 2872 inter
894 2827 1092 2888 equites.

304 2911 521 2958 Inhibuit.
547 2912 861 2959 Restituendo
890 2915 1111 2961 Rosciam
1132 2917 1283 2978 legem
1298 2952 1311 2975 ,
1336 2932 1441 2978 quae
1465 2919 1634 2964 sensim
1658 2919 1931 2981 elanguerat
1957 2937 1968 2965 t

240 3004 414 3035 novam
445 2998 602 3036 autem
626 3005 727 3036 non
751 2991 874 3037 tulit.
897 2994 971 3039 De
993 3009 1047 3039 re
1069 2993 1127 3039 cf.
1154 2995 1400 3039 Man-rui..
1419 3028 1431 3051 ,
1456 3010 1502 3051 v,
1527 2995 1555 3041 8
1581 3011 1591 3038 :

621 3135 801 3176 Edictum
826 3136 990 3178 Domini
1014 3137 1169 3192 Deique
1192 3139 1316 3180 nostri

619 3208 711 3255 Quo
735 3205 922 3247 subsellia
946 3207 1119 3248 certiora
1143 3207 1266 3255 fiunt,

620 3276 669 3313 Et
693 3288 810 3328 puros
833 3289 954 3329 eques
978 3277 1137 3317 ordines
1162 3276 1323 3330 recepit.
