<?xml version="1.0" encoding="UTF-8"?>
<!DOCTYPE html PUBLIC "-//W3C//DTD XHTML 1.0 Transitional//EN"
    "http://www.w3.org/TR/xhtml1/DTD/xhtml1-transitional.dtd">
<html xmlns="http://www.w3.org/1999/xhtml" xml:lang="en" lang="en">
 <head>
  <title>
</title>
<meta http-equiv="Content-Type" content="text/html;charset=utf-8" />
  <meta name='ocr-system' content='tesseract 3.04.00' />
  <meta name='ocr-capabilities' content='ocr_page ocr_carea ocr_par ocr_line ocrx_word'/>
</head>
<body>
  <div class='ocr_page' id='page_1' title='image "./operasuet00suetuoft_0096.png"; bbox 0 0 2372 3918; ppageno 0'>
   <div class='ocr_carea' id='block_1_1' title="bbox 310 242 1351 290">
    <p class='ocr_par' dir='ltr' id='par_1_1' title="bbox 310 242 1351 290">
     <span class='ocr_line' id='line_1_1' title="bbox 310 242 1351 290; baseline 0.001 -2"><span class='ocrx_word' id='word_1_1' title='bbox 310 242 372 288; x_wconf 88' lang='grc'><strong>68</strong></span> <span class='ocrx_word' id='word_1_2' title='bbox 981 243 1029 287; x_wconf 88' lang='lat' dir='ltr'><strong>C.</strong></span> <span class='ocrx_word' id='word_1_3' title='bbox 1062 243 1351 290; x_wconf 87' lang='lat' dir='ltr'><strong>SUETONII</strong></span> 
     </span>
    </p>
   </div>
   <div class='ocr_carea' id='block_1_2' title="bbox 314 343 2019 622">
    <p class='ocr_par' dir='ltr' id='par_1_2' title="bbox 314 343 2019 622">
     <span class='ocr_line' id='line_1_2' title="bbox 390 343 2016 427; baseline 0.006 -30"><span class='ocrx_word' id='word_1_4' title='bbox 390 344 592 398; x_wconf 85' lang='lat' dir='ltr'><strong>XXIX.</strong></span> <span class='ocrx_word' id='word_1_5' title='bbox 641 343 873 415; x_wconf 82' lang='lat' dir='ltr'>Urbem,</span> <span class='ocrx_word' id='word_1_6' title='bbox 913 366 1088 422; x_wconf 93' lang='lat' dir='ltr'><strong>neque</strong></span> <span class='ocrx_word' id='word_1_7' title='bbox 1125 369 1227 426; x_wconf 92' lang='lat' dir='ltr'><strong>pro</strong></span> <span class='ocrx_word' id='word_1_8' title='bbox 1272 348 1551 424; x_wconf 90' lang='lat' dir='ltr'><strong>majestate</strong></span> <span class='ocrx_word' id='word_1_9' title='bbox 1594 350 1806 427; x_wconf 84' lang='lat' dir='ltr'><strong>imperii</strong></span> <span class='ocrx_word' id='word_1_10' title='bbox 1856 371 2016 406; x_wconf 87' lang='lat' dir='ltr'><strong>orna·</strong></span> 
     </span>
     <span class='ocr_line' id='line_1_3' title="bbox 314 442 2017 525; baseline 0.005 -29"><span class='ocrx_word' id='word_1_11' title='bbox 314 453 452 512; x_wconf 86' lang='lat' dir='ltr'><strong>tam,</strong></span> <span class='ocrx_word' id='word_1_12' title='bbox 501 454 555 497; x_wconf 91' lang='lat' dir='ltr'><strong>et</strong></span> <span class='ocrx_word' id='word_1_13' title='bbox 599 442 1046 501; x_wconf 84' lang='lat' dir='ltr'><strong>inundationibus</strong></span> <span class='ocrx_word' id='word_1_14' title='bbox 1082 447 1451 525; x_wconf 86' lang='lat' dir='ltr'><strong>incendiisque</strong></span> <span class='ocrx_word' id='word_1_15' title='bbox 1497 450 1813 522; x_wconf 81' lang='lat' dir='ltr'><strong>obnoxiam,</strong></span> <span class='ocrx_word' id='word_1_16' title='bbox 1861 470 2017 505; x_wconf 86' lang='lat' dir='ltr'><strong>exco-</strong></span> 
     </span>
     <span class='ocr_line' id='line_1_4' title="bbox 316 539 2019 622; baseline 0.005 -27"><span class='ocrx_word' id='word_1_17' title='bbox 316 539 420 596; x_wconf 90' lang='lat' dir='ltr'><strong>luit</strong></span> <span class='ocrx_word' id='word_1_18' title='bbox 458 540 623 612; x_wconf 87' lang='lat' dir='ltr'><strong>adeo,</strong></span> <span class='ocrx_word' id='word_1_19' title='bbox 667 555 727 599; x_wconf 90' lang='lat' dir='ltr'><strong>ut</strong></span> <span class='ocrx_word' id='word_1_20' title='bbox 755 544 879 620; x_wconf 85' lang='lat' dir='ltr'><strong>jure</strong></span> <span class='ocrx_word' id='word_1_21' title='bbox 922 545 992 600; x_wconf 90' lang='lat' dir='ltr'><strong>sit</strong></span> <span class='ocrx_word' id='word_1_22' title='bbox 1028 544 1327 622; x_wconf 79' lang='lat' dir='ltr'><strong>gloriatuS‚</strong></span> <span class='ocrx_word' id='word_1_23' title='bbox 1359 569 1721 606; x_wconf 88' lang='lat' dir='ltr'>marmoream</span> <span class='ocrx_word' id='word_1_24' title='bbox 1765 568 1820 605; x_wconf 89' lang='lat' dir='ltr'><strong>se</strong></span> <span class='ocrx_word' id='word_1_25' title='bbox 1854 547 2019 604; x_wconf 89' lang='lat' dir='ltr'><strong>relin-</strong></span> 
     </span>
    </p>
   </div>
   <div class='ocr_carea' id='block_1_3' title="bbox 318 634 2022 824">
    <p class='ocr_par' dir='ltr' id='par_1_3' title="bbox 318 634 2022 824">
     <span class='ocr_line' id='line_1_5' title="bbox 318 634 2021 723; baseline 0.004 -27"><span class='ocrx_word' id='word_1_26' title='bbox 318 661 519 717; x_wconf 85' lang='lat' dir='ltr'><strong>quere,</strong></span> <span class='ocrx_word' id='word_1_27' title='bbox 551 663 717 718; x_wconf 88' lang='lat' dir='ltr'><strong>quam</strong></span> <span class='ocrx_word' id='word_1_28' title='bbox 754 634 1055 699; x_wconf 75' lang='lat' dir='ltr'><strong>latericiam</strong></span> <span class='ocrx_word' id='word_1_29' title='bbox 1089 647 1397 723; x_wconf 87' lang='lat' dir='ltr'><strong>accepisset.</strong></span> <span class='ocrx_word' id='word_1_30' title='bbox 1428 651 1626 704; x_wconf 90' lang='lat' dir='ltr'><strong>Tutam</strong></span> <span class='ocrx_word' id='word_1_31' title='bbox 1663 668 1817 719; x_wconf 78' lang='lat' dir='ltr'><strong>vern,</strong></span> <span class='ocrx_word' id='word_1_32' title='bbox 1846 666 2021 723; x_wconf 89' lang='lat' dir='ltr'><strong>quan-</strong></span> 
     </span>
     <span class='ocr_line' id='line_1_6' title="bbox 321 741 2022 824; baseline 0.004 -29"><span class='ocrx_word' id='word_1_33' title='bbox 321 751 438 796; x_wconf 90' lang='lat' dir='ltr'><strong>tum</strong></span> <span class='ocrx_word' id='word_1_34' title='bbox 456 741 734 818; x_wconf 90' lang='lat' dir='ltr'><strong>provideri</strong></span> <span class='ocrx_word' id='word_1_35' title='bbox 755 741 996 797; x_wconf 90' lang='lat' dir='ltr'><strong>humana</strong></span> <span class='ocrx_word' id='word_1_36' title='bbox 1011 744 1222 800; x_wconf 88' lang='lat' dir='ltr'><strong>ratione</strong></span> <span class='ocrx_word' id='word_1_37' title='bbox 1251 748 1430 822; x_wconf 87' lang='lat' dir='ltr'><strong>potuit</strong></span> <span class='ocrx_word' id='word_1_38' title='bbox 1446 786 1462 818; x_wconf 83' lang='lat'><strong>‚</strong></span> <span class='ocrx_word' id='word_1_39' title='bbox 1481 748 1645 803; x_wconf 92' lang='lat' dir='ltr'><strong>etiam</strong></span> <span class='ocrx_word' id='word_1_40' title='bbox 1664 748 1720 802; x_wconf 92' lang='lat' dir='ltr'><strong>in</strong></span> <span class='ocrx_word' id='word_1_41' title='bbox 1739 758 2022 824; x_wconf 91' lang='lat' dir='ltr'><strong>posterum</strong></span> 
     </span>
    </p>
   </div>
   <div class='ocr_carea' id='block_1_4' title="bbox 320 838 2054 3309">
    <p class='ocr_par' dir='ltr' id='par_1_4' title="bbox 320 838 2054 3309">
     <span class='ocr_line' id='line_1_7' title="bbox 320 838 2023 922; baseline 0.004 -27"><span class='ocrx_word' id='word_1_42' title='bbox 320 840 587 917; x_wconf 88' lang='lat' dir='ltr'><strong>praestitit.</strong></span> <span class='ocrx_word' id='word_1_43' title='bbox 620 838 847 896; x_wconf 87' lang='lat' dir='ltr'><strong>Publica</strong></span> <span class='ocrx_word' id='word_1_44' title='bbox 890 861 1056 918; x_wconf 87' lang='lat' dir='ltr'><strong>opera</strong></span> <span class='ocrx_word' id='word_1_45' title='bbox 1093 842 1329 919; x_wconf 87' lang='lat' dir='ltr'><strong>plurima</strong></span> <span class='ocrx_word' id='word_1_46' title='bbox 1368 846 1632 901; x_wconf 86' lang='lat' dir='ltr'><strong>exstruxit</strong></span> <span class='ocrx_word' id='word_1_47' title='bbox 1669 867 1681 901; x_wconf 93' lang='lat'><strong>:</strong></span> <span class='ocrx_word' id='word_1_48' title='bbox 1720 867 1785 901; x_wconf 85' lang='lat' dir='ltr'><strong>ex</strong></span> <span class='ocrx_word' id='word_1_49' title='bbox 1826 846 2023 922; x_wconf 91' lang='lat' dir='ltr'><strong>quibus</strong></span> 
     </span>
     <span class='ocr_line' id='line_1_8' title="bbox 322 937 2026 1023; baseline 0.005 -30"><span class='ocrx_word' id='word_1_50' title='bbox 322 937 410 994; x_wconf 82' lang='lat' dir='ltr'><strong>vel</strong></span> <span class='ocrx_word' id='word_1_51' title='bbox 446 938 751 1016; x_wconf 86' lang='lat' dir='ltr'><strong>praecipua,</strong></span> <span class='ocrx_word' id='word_1_52' title='bbox 775 939 953 996; x_wconf 89' lang='lat' dir='ltr'><strong>forum</strong></span> <span class='ocrx_word' id='word_1_53' title='bbox 980 962 1116 1009; x_wconf 74' lang='lat' dir='ltr'><strong>vcum</strong></span> <span class='ocrx_word' id='word_1_54' title='bbox 1145 942 1257 998; x_wconf 84' lang='lat' dir='ltr'><strong>aede</strong></span> <span class='ocrx_word' id='word_1_55' title='bbox 1283 945 1477 1000; x_wconf 88' lang='lat' dir='ltr'><strong>Martis</strong></span> <span class='ocrx_word' id='word_1_56' title='bbox 1512 943 1707 1001; x_wconf 88' lang='lat' dir='ltr'><strong>ultoris</strong></span> <span class='ocrx_word' id='word_1_57' title='bbox 1726 983 1742 1016; x_wconf 91' lang='lat'><strong>-,</strong></span> <span class='ocrx_word' id='word_1_58' title='bbox 1763 944 2026 1023; x_wconf 88' lang='lat' dir='ltr'><strong>templum</strong></span> 
     </span>
     <span class='ocr_line' id='line_1_9' title="bbox 323 1037 2025 1121; baseline 0.002 -26"><span class='ocrx_word' id='word_1_59' title='bbox 323 1037 592 1114; x_wconf 90' lang='lat' dir='ltr'><strong>Apollinis</strong></span> <span class='ocrx_word' id='word_1_60' title='bbox 622 1039 679 1094; x_wconf 89' lang='lat' dir='ltr'><strong>in</strong></span> <span class='ocrx_word' id='word_1_61' title='bbox 704 1038 940 1111; x_wconf 85' lang='lat' dir='ltr'><strong>Palatio,</strong></span> <span class='ocrx_word' id='word_1_62' title='bbox 973 1039 1142 1116; x_wconf 85' lang='lat' dir='ltr'><strong>aedem</strong></span> <span class='ocrx_word' id='word_1_63' title='bbox 1173 1044 1436 1099; x_wconf 83' lang='lat' dir='ltr'><strong>Tonantis</strong></span> <span class='ocrx_word' id='word_1_64' title='bbox 1465 1044 1612 1100; x_wconf 90' lang='lat' dir='ltr'><strong>Jovis</strong></span> <span class='ocrx_word' id='word_1_65' title='bbox 1644 1045 1701 1099; x_wconf 91' lang='lat' dir='ltr'><strong>in</strong></span> <span class='ocrx_word' id='word_1_66' title='bbox 1738 1045 2025 1121; x_wconf 89' lang='lat' dir='ltr'><strong>Capitolio.</strong></span> 
     </span>
     <span class='ocr_line' id='line_1_10' title="bbox 325 1137 2030 1219; baseline 0.004 -27"><span class='ocrx_word' id='word_1_67' title='bbox 325 1137 453 1193; x_wconf 91' lang='lat' dir='ltr'><strong>Fori</strong></span> <span class='ocrx_word' id='word_1_68' title='bbox 479 1138 794 1195; x_wconf 84' lang='lat' dir='ltr'><strong>exstruendi</strong></span> <span class='ocrx_word' id='word_1_69' title='bbox 830 1160 991 1195; x_wconf 90' lang='lat' dir='ltr'><strong>causa</strong></span> <span class='ocrx_word' id='word_1_70' title='bbox 1016 1140 1118 1196; x_wconf 89' lang='lat' dir='ltr'><strong>fuit</strong></span> <span class='ocrx_word' id='word_1_71' title='bbox 1143 1141 1429 1200; x_wconf 91' lang='lat' dir='ltr'><strong>hominum</strong></span> <span class='ocrx_word' id='word_1_72' title='bbox 1452 1155 1506 1198; x_wconf 92' lang='lat' dir='ltr'><strong>et</strong></span> <span class='ocrx_word' id='word_1_73' title='bbox 1533 1143 1866 1219; x_wconf 85' lang='lat' dir='ltr'><strong>judiciorum</strong></span> <span class='ocrx_word' id='word_1_74' title='bbox 1893 1143 2030 1199; x_wconf 92' lang='lat' dir='ltr'><strong>mul-</strong></span> 
     </span>
     <span class='ocr_line' id='line_1_11' title="bbox 328 1236 2026 1315; baseline 0.005 -24"><span class='ocrx_word' id='word_1_75' title='bbox 328 1236 507 1293; x_wconf 88' lang='lat' dir='ltr'><strong>titudo</strong></span> <span class='ocrx_word' id='word_1_76' title='bbox 525 1279 540 1308; x_wconf 90' lang='lat'>‚</span> <span class='ocrx_word' id='word_1_77' title='bbox 564 1259 684 1315; x_wconf 81' lang='lat' dir='ltr'><strong>quae</strong></span> <span class='ocrx_word' id='word_1_78' title='bbox 700 1238 1011 1311; x_wconf 87' lang='lat' dir='ltr'><strong>videbatur,</strong></span> <span class='ocrx_word' id='word_1_79' title='bbox 1030 1261 1142 1296; x_wconf 89' lang='lat' dir='ltr'><strong>non</strong></span> <span class='ocrx_word' id='word_1_80' title='bbox 1174 1241 1570 1298; x_wconf 88' lang='lat' dir='ltr'><strong>sufficientibus</strong></span> <span class='ocrx_word' id='word_1_81' title='bbox 1601 1243 1837 1314; x_wconf 81' lang='lat' dir='ltr'><strong>duobuS‚</strong></span> <span class='ocrx_word' id='word_1_82' title='bbox 1863 1246 2026 1300; x_wconf 90' lang='lat' dir='ltr'><strong>etiam</strong></span> 
     </span>
     <span class='ocr_line' id='line_1_12' title="bbox 329 1336 2034 1419; baseline 0.005 -28"><span class='ocrx_word' id='word_1_83' title='bbox 329 1336 490 1392; x_wconf 88' lang='lat' dir='ltr'><strong>tertio</strong></span> <span class='ocrx_word' id='word_1_84' title='bbox 542 1336 803 1414; x_wconf 83' lang='lat' dir='ltr'><strong>indigere.</strong></span> <span class='ocrx_word' id='word_1_85' title='bbox 852 1341 1044 1415; x_wconf 87' lang='lat' dir='ltr'><strong>Itaque</strong></span> <span class='ocrx_word' id='word_1_86' title='bbox 1084 1339 1459 1413; x_wconf 86' lang='lat' dir='ltr'><strong>festinantius,</strong></span> <span class='ocrx_word' id='word_1_87' title='bbox 1509 1342 1743 1397; x_wconf 88' lang='lat' dir='ltr'><strong>necdum</strong></span> <span class='ocrx_word' id='word_1_88' title='bbox 1798 1343 2034 1419; x_wconf 91' lang='lat' dir='ltr'><strong>perfecta</strong></span> 
     </span>
     <span class='ocr_line' id='line_1_13' title="bbox 326 1429 2034 1519; baseline 0.002 -24"><span class='ocrx_word' id='word_1_89' title='bbox 326 1436 525 1498; x_wconf 88' lang='lat' dir='ltr'><strong>Martis</strong></span> <span class='ocrx_word' id='word_1_90' title='bbox 553 1435 690 1512; x_wconf 79' lang='lat' dir='ltr'><strong>aede,</strong></span> <span class='ocrx_word' id='word_1_91' title='bbox 725 1429 1064 1516; x_wconf 86' lang='lat' dir='ltr'><strong>publicatum</strong></span> <span class='ocrx_word' id='word_1_92' title='bbox 1097 1452 1203 1511; x_wconf 85' lang='lat' dir='ltr'><strong>est,</strong></span> <span class='ocrx_word' id='word_1_93' title='bbox 1247 1452 1605 1519; x_wconf 81' lang='lat' dir='ltr'><strong>cautumque,</strong></span> <span class='ocrx_word' id='word_1_94' title='bbox 1645 1453 1709 1499; x_wconf 86' lang='lat' dir='ltr'><strong>ut</strong></span> <span class='ocrx_word' id='word_1_95' title='bbox 1743 1445 2034 1519; x_wconf 88' lang='lat' dir='ltr'><strong>separatim</strong></span> 
     </span>
     <span class='ocr_line' id='line_1_14' title="bbox 331 1538 2034 1618; baseline 0.002 -24"><span class='ocrx_word' id='word_1_96' title='bbox 331 1540 389 1594; x_wconf 92' lang='lat' dir='ltr'><strong>in</strong></span> <span class='ocrx_word' id='word_1_97' title='bbox 436 1560 501 1595; x_wconf 92' lang='lat' dir='ltr'><strong>eo</strong></span> <span class='ocrx_word' id='word_1_98' title='bbox 547 1538 768 1617; x_wconf 82' lang='lat' dir='ltr'><strong>publica</strong></span> <span class='ocrx_word' id='word_1_99' title='bbox 820 1539 1026 1616; x_wconf 87' lang='lat' dir='ltr'><strong>judicia</strong></span> <span class='ocrx_word' id='word_1_100' title='bbox 1075 1553 1129 1597; x_wconf 91' lang='lat' dir='ltr'><strong>et</strong></span> <span class='ocrx_word' id='word_1_101' title='bbox 1177 1542 1488 1598; x_wconf 85' lang='lat' dir='ltr'><strong>sortitiones</strong></span> <span class='ocrx_word' id='word_1_102' title='bbox 1532 1541 1781 1618; x_wconf 80' lang='lat' dir='ltr'><strong>judicum</strong></span> <span class='ocrx_word' id='word_1_103' title='bbox 1828 1541 2034 1598; x_wconf 89' lang='lat' dir='ltr'><strong>fierent.</strong></span> 
     </span>
     <span class='ocr_line' id='line_1_15' title="bbox 335 1636 2038 1719; baseline 0.002 -25"><span class='ocrx_word' id='word_1_104' title='bbox 335 1638 525 1695; x_wconf 91' lang='lat' dir='ltr'><strong>AEdem</strong></span> <span class='ocrx_word' id='word_1_105' title='bbox 554 1639 750 1695; x_wconf 87' lang='lat' dir='ltr'><strong>Martis</strong></span> <span class='ocrx_word' id='word_1_106' title='bbox 765 1681 780 1711; x_wconf 88' lang='lat'>,</span> <span class='ocrx_word' id='word_1_107' title='bbox 802 1636 949 1694; x_wconf 92' lang='lat' dir='ltr'><strong>bello</strong></span> <span class='ocrx_word' id='word_1_108' title='bbox 974 1639 1302 1717; x_wconf 91' lang='lat' dir='ltr'><strong>philippensi</strong></span> <span class='ocrx_word' id='word_1_109' title='bbox 1324 1661 1426 1718; x_wconf 93' lang='lat' dir='ltr'><strong>pro</strong></span> <span class='ocrx_word' id='word_1_110' title='bbox 1451 1640 1657 1697; x_wconf 89' lang='lat' dir='ltr'><strong>ultione</strong></span> <span class='ocrx_word' id='word_1_111' title='bbox 1679 1653 1906 1719; x_wconf 85' lang='lat' dir='ltr'><strong>paterna</strong></span> <span class='ocrx_word' id='word_1_112' title='bbox 1923 1658 2038 1697; x_wconf 87' lang='lat' dir='ltr'><strong>sus-</strong></span> 
     </span>
     <span class='ocr_line' id='line_1_16' title="bbox 337 1739 2038 1817; baseline 0.001 -24"><span class='ocrx_word' id='word_1_113' title='bbox 337 1750 525 1814; x_wconf 90' lang='lat' dir='ltr'><strong>cept0‚</strong></span> <span class='ocrx_word' id='word_1_114' title='bbox 556 1750 797 1795; x_wconf 84' lang='lat' dir='ltr'><strong>voverat.</strong></span> <span class='ocrx_word' id='word_1_115' title='bbox 837 1739 1028 1794; x_wconf 88' lang='lat' dir='ltr'><strong>Sanxit</strong></span> <span class='ocrx_word' id='word_1_116' title='bbox 1069 1757 1199 1815; x_wconf 85' lang='lat' dir='ltr'><strong>ergo</strong></span> <span class='ocrx_word' id='word_1_117' title='bbox 1219 1782 1234 1810; x_wconf 86' lang='lat'><strong><em>‚</em></strong></span> <span class='ocrx_word' id='word_1_118' title='bbox 1261 1752 1323 1795; x_wconf 91' lang='lat' dir='ltr'><strong>ut</strong></span> <span class='ocrx_word' id='word_1_119' title='bbox 1350 1739 1416 1796; x_wconf 89' lang='lat' dir='ltr'><strong>de</strong></span> <span class='ocrx_word' id='word_1_120' title='bbox 1452 1739 1604 1796; x_wconf 88' lang='lat' dir='ltr'><strong>bellis</strong></span> <span class='ocrx_word' id='word_1_121' title='bbox 1642 1740 2038 1817; x_wconf 87' lang='lat' dir='ltr'><strong>triumphisque</strong></span> 
     </span>
     <span class='ocr_line' id='line_1_17' title="bbox 335 1835 2042 1916; baseline 0.001 -24"><span class='ocrx_word' id='word_1_122' title='bbox 335 1837 427 1892; x_wconf 91' lang='lat' dir='ltr'><strong>hic</strong></span> <span class='ocrx_word' id='word_1_123' title='bbox 459 1835 835 1893; x_wconf 86' lang='lat' dir='ltr'><strong>consuleretur</strong></span> <span class='ocrx_word' id='word_1_124' title='bbox 882 1850 1098 1894; x_wconf 90' lang='lat' dir='ltr'><strong>senatus</strong></span> <span class='ocrx_word' id='word_1_125' title='bbox 1135 1859 1147 1894; x_wconf 90' lang='lat'>:</span> <span class='ocrx_word' id='word_1_126' title='bbox 1184 1840 1494 1915; x_wconf 86' lang='lat' dir='ltr'><strong>provincias</strong></span> <span class='ocrx_word' id='word_1_127' title='bbox 1528 1860 1654 1896; x_wconf 90' lang='lat' dir='ltr'><strong>cum</strong></span> <span class='ocrx_word' id='word_1_128' title='bbox 1692 1840 1919 1916; x_wconf 92' lang='lat' dir='ltr'><strong>imperio</strong></span> <span class='ocrx_word' id='word_1_129' title='bbox 1954 1860 2042 1916; x_wconf 93' lang='lat' dir='ltr'><strong>pe-</strong></span> 
     </span>
     <span class='ocr_line' id='line_1_18' title="bbox 336 1936 2040 2014; baseline 0.001 -23"><span class='ocrx_word' id='word_1_130' title='bbox 336 1936 491 1992; x_wconf 89' lang='lat' dir='ltr'><strong>tituri</strong></span> <span class='ocrx_word' id='word_1_131' title='bbox 537 1937 665 1992; x_wconf 90' lang='lat' dir='ltr'><strong>hinc</strong></span> <span class='ocrx_word' id='word_1_132' title='bbox 721 1936 1115 1992; x_wconf 86' lang='lat' dir='ltr'><strong>deducerentur</strong></span> <span class='ocrx_word' id='word_1_133' title='bbox 1151 1958 1163 1992; x_wconf 91' lang='lat'>:</span> <span class='ocrx_word' id='word_1_134' title='bbox 1209 1938 1413 2014; x_wconf 89' lang='lat' dir='ltr'><strong>quique</strong></span> <span class='ocrx_word' id='word_1_135' title='bbox 1465 1940 1700 1994; x_wconf 85' lang='lat' dir='ltr'><strong>victores</strong></span> <span class='ocrx_word' id='word_1_136' title='bbox 1746 1938 2040 2010; x_wconf 80' lang='lat' dir='ltr'><strong>redissent,</strong></span> 
     </span>
     <span class='ocr_line' id='line_1_19' title="bbox 336 2035 2042 2115; baseline 0 -24"><span class='ocrx_word' id='word_1_137' title='bbox 336 2036 446 2092; x_wconf 91' lang='lat' dir='ltr'><strong>huc</strong></span> <span class='ocrx_word' id='word_1_138' title='bbox 474 2037 706 2113; x_wconf 85' lang='lat' dir='ltr'><strong>insignia</strong></span> <span class='ocrx_word' id='word_1_139' title='bbox 735 2037 1143 2112; x_wconf 90' lang='lat' dir='ltr'><strong>triumphorum</strong></span> <span class='ocrx_word' id='word_1_140' title='bbox 1171 2036 1447 2106; x_wconf 13' lang='lat' dir='ltr'><strong>inferrent».</strong></span> <span class='ocrx_word' id='word_1_141' title='bbox 1466 2036 1755 2115; x_wconf 90' lang='lat' dir='ltr'><strong>Templum</strong></span> <span class='ocrx_word' id='word_1_142' title='bbox 1774 2035 2042 2114; x_wconf 90' lang='lat' dir='ltr'><strong>Apollinis</strong></span> 
     </span>
     <span class='ocr_line' id='line_1_20' title="bbox 339 2135 2042 2214; baseline -0.001 -22"><span class='ocrx_word' id='word_1_143' title='bbox 339 2137 397 2192; x_wconf 91' lang='lat' dir='ltr'><strong>in</strong></span> <span class='ocrx_word' id='word_1_144' title='bbox 440 2157 503 2193; x_wconf 88' lang='lat' dir='ltr'><strong>ea</strong></span> <span class='ocrx_word' id='word_1_145' title='bbox 547 2147 701 2214; x_wconf 87' lang='lat' dir='ltr'><strong>parte</strong></span> <span class='ocrx_word' id='word_1_146' title='bbox 741 2135 1000 2192; x_wconf 80' lang='lat' dir='ltr'><strong>Palatinae</strong></span> <span class='ocrx_word' id='word_1_147' title='bbox 1043 2136 1237 2193; x_wconf 91' lang='lat' dir='ltr'><strong>domus</strong></span> <span class='ocrx_word' id='word_1_148' title='bbox 1281 2137 1567 2209; x_wconf 85' lang='lat' dir='ltr'><strong>excitavit,</strong></span> <span class='ocrx_word' id='word_1_149' title='bbox 1615 2157 1780 2213; x_wconf 89' lang='lat' dir='ltr'><strong>quam</strong></span> <span class='ocrx_word' id='word_1_150' title='bbox 1816 2136 2042 2192; x_wconf 88' lang='lat' dir='ltr'><strong>fulmine</strong></span> 
     </span>
     <span class='ocr_line' id='line_1_21' title="bbox 340 2217 2046 2315; baseline 0 -24"><span class='ocrx_word' id='word_1_151' title='bbox 340 2237 503 2292; x_wconf 89' lang='lat' dir='ltr'><strong>ictam</strong></span> <span class='ocrx_word' id='word_1_152' title='bbox 532 2235 824 2292; x_wconf 90' lang='lat' dir='ltr'><strong>desiderari</strong></span> <span class='ocrx_word' id='word_1_153' title='bbox 855 2257 887 2291; x_wconf 90' lang='lat' dir='ltr'><strong>a</strong></span> <span class='ocrx_word' id='word_1_154' title='bbox 926 2217 1028 2291; x_wconf 87' lang='lat' dir='ltr'><strong>deo</strong></span> <span class='ocrx_word' id='word_1_155' title='bbox 1056 2237 1370 2315; x_wconf 88' lang='lat' dir='ltr'><strong>haruspices</strong></span> <span class='ocrx_word' id='word_1_156' title='bbox 1399 2238 1842 2314; x_wconf 88' lang='lat' dir='ltr'><strong>pronunciarant.</strong></span> <span class='ocrx_word' id='word_1_157' title='bbox 1880 2236 2046 2292; x_wconf 90' lang='lat' dir='ltr'><strong>Addi-</strong></span> 
     </span>
     <span class='ocr_line' id='line_1_22' title="bbox 342 2333 2043 2413; baseline -0.001 -22"><span class='ocrx_word' id='word_1_158' title='bbox 342 2335 425 2391; x_wconf 93' lang='lat' dir='ltr'><strong>dit</strong></span> <span class='ocrx_word' id='word_1_159' title='bbox 451 2337 692 2413; x_wconf 89' lang='lat' dir='ltr'><strong>porticus</strong></span> <span class='ocrx_word' id='word_1_160' title='bbox 720 2357 847 2392; x_wconf 91' lang='lat' dir='ltr'><strong>cum</strong></span> <span class='ocrx_word' id='word_1_161' title='bbox 875 2334 1206 2392; x_wconf 86' lang='lat' dir='ltr'><strong>bibliotheca</strong></span> <span class='ocrx_word' id='word_1_162' title='bbox 1238 2336 1410 2393; x_wconf 89' lang='lat' dir='ltr'><strong>latina</strong></span> <span class='ocrx_word' id='word_1_163' title='bbox 1438 2356 1718 2413; x_wconf 80' lang='lat' dir='ltr'><strong>graecaque</strong></span> <span class='ocrx_word' id='word_1_164' title='bbox 1745 2357 1758 2390; x_wconf 79' lang='lat' dir='ltr'><strong>t</strong></span> <span class='ocrx_word' id='word_1_165' title='bbox 1783 2356 1892 2412; x_wconf 92' lang='lat' dir='ltr'><strong>quo</strong></span> <span class='ocrx_word' id='word_1_166' title='bbox 1923 2333 2043 2390; x_wconf 88' lang='lat' dir='ltr'><strong>loco</strong></span> 
     </span>
     <span class='ocr_line' id='line_1_23' title="bbox 339 2433 2049 2512; baseline -0.001 -22"><span class='ocrx_word' id='word_1_167' title='bbox 339 2436 453 2510; x_wconf 84' lang='lat' dir='ltr'><strong>jam</strong></span> <span class='ocrx_word' id='word_1_168' title='bbox 482 2435 664 2491; x_wconf 92' lang='lat' dir='ltr'><strong>senior</strong></span> <span class='ocrx_word' id='word_1_169' title='bbox 694 2455 834 2512; x_wconf 87' lang='lat' dir='ltr'><strong>saepe</strong></span> <span class='ocrx_word' id='word_1_170' title='bbox 858 2437 1023 2491; x_wconf 89' lang='lat' dir='ltr'><strong>etiam</strong></span> <span class='ocrx_word' id='word_1_171' title='bbox 1052 2446 1301 2491; x_wconf 84' lang='lat' dir='ltr'><strong>senatum</strong></span> <span class='ocrx_word' id='word_1_172' title='bbox 1327 2435 1554 2506; x_wconf 86' lang='lat' dir='ltr'><strong>habuit,</strong></span> <span class='ocrx_word' id='word_1_173' title='bbox 1582 2433 1938 2510; x_wconf 89' lang='lat' dir='ltr'><strong>decuriasque</strong></span> <span class='ocrx_word' id='word_1_174' title='bbox 1960 2435 2049 2510; x_wconf 88' lang='lat' dir='ltr'><strong>ju-</strong></span> 
     </span>
     <span class='ocr_line' id='line_1_24' title="bbox 343 2532 2046 2612; baseline -0.002 -22"><span class='ocrx_word' id='word_1_175' title='bbox 343 2534 527 2590; x_wconf 91' lang='lat' dir='ltr'><strong>dicum</strong></span> <span class='ocrx_word' id='word_1_176' title='bbox 555 2536 891 2612; x_wconf 89' lang='lat' dir='ltr'><strong>recognovit.</strong></span> <span class='ocrx_word' id='word_1_177' title='bbox 926 2535 1164 2590; x_wconf 88' lang='lat' dir='ltr'><strong>Tonanti</strong></span> <span class='ocrx_word' id='word_1_178' title='bbox 1214 2534 1335 2589; x_wconf 87' lang='lat' dir='ltr'><strong>Jovi</strong></span> <span class='ocrx_word' id='word_1_179' title='bbox 1373 2532 1544 2589; x_wconf 85' lang='lat' dir='ltr'><strong>aedem</strong></span> <span class='ocrx_word' id='word_1_180' title='bbox 1586 2534 1951 2603; x_wconf 84' lang='lat' dir='ltr'><strong>consecravit,</strong></span> <span class='ocrx_word' id='word_1_181' title='bbox 1980 2532 2046 2588; x_wconf 87' lang='lat' dir='ltr'><strong>li-</strong></span> 
     </span>
     <span class='ocr_line' id='line_1_25' title="bbox 343 2624 2050 2711; baseline 0 -23"><span class='ocrx_word' id='word_1_182' title='bbox 343 2634 562 2689; x_wconf 89' lang='lat' dir='ltr'><strong>beratus</strong></span> <span class='ocrx_word' id='word_1_183' title='bbox 617 2633 888 2711; x_wconf 83' lang='lat' dir='ltr'><strong>pericuIO,</strong></span> <span class='ocrx_word' id='word_1_184' title='bbox 945 2655 1117 2710; x_wconf 92' lang='lat' dir='ltr'><strong>quum</strong></span> <span class='ocrx_word' id='word_1_185' title='bbox 1178 2624 1521 2711; x_wconf 83' lang='lat' dir='ltr'><strong>expeditione</strong></span> <span class='ocrx_word' id='word_1_186' title='bbox 1586 2635 1894 2690; x_wconf 88' lang='lat' dir='ltr'><strong>cantabrica</strong></span> <span class='ocrx_word' id='word_1_187' title='bbox 1950 2654 2050 2710; x_wconf 91' lang='lat' dir='ltr'><strong>per</strong></span> 
     </span>
     <span class='ocr_line' id='line_1_26' title="bbox 346 2732 2052 2810; baseline -0.001 -22"><span class='ocrx_word' id='word_1_188' title='bbox 346 2745 678 2789; x_wconf 90' lang='lat' dir='ltr'><strong>nocturnum</strong></span> <span class='ocrx_word' id='word_1_189' title='bbox 710 2734 814 2790; x_wconf 87' lang='lat' dir='ltr'><strong>iter</strong></span> <span class='ocrx_word' id='word_1_190' title='bbox 838 2732 1087 2790; x_wconf 88' lang='lat' dir='ltr'><strong>lecticam</strong></span> <span class='ocrx_word' id='word_1_191' title='bbox 1119 2733 1234 2810; x_wconf 89' lang='lat' dir='ltr'><strong>ejus</strong></span> <span class='ocrx_word' id='word_1_192' title='bbox 1265 2732 1451 2810; x_wconf 86' lang='lat' dir='ltr'><strong>fulgur</strong></span> <span class='ocrx_word' id='word_1_193' title='bbox 1479 2734 1916 2810; x_wconf 80' lang='lat' dir='ltr'><strong>praestrinxisset,</strong></span> <span class='ocrx_word' id='word_1_194' title='bbox 1947 2752 2052 2788; x_wconf 88' lang='lat' dir='ltr'><strong>ser-</strong></span> 
     </span>
     <span class='ocr_line' id='line_1_27' title="bbox 344 2832 2052 2911; baseline -0.001 -24"><span class='ocrx_word' id='word_1_195' title='bbox 344 2853 582 2910; x_wconf 83' lang='lat' dir='ltr'><strong>vumque</strong></span> <span class='ocrx_word' id='word_1_196' title='bbox 599 2832 985 2911; x_wconf 78' lang='lat' dir='ltr'><strong>praelucentem</strong></span> <span class='ocrx_word' id='word_1_197' title='bbox 1012 2837 1386 2889; x_wconf 87' lang='lat' dir='ltr'><strong>exanimasset.</strong></span> <span class='ocrx_word' id='word_1_198' title='bbox 1416 2833 1680 2906; x_wconf 73' lang='lat' dir='ltr'><strong>Quaedam</strong></span> <span class='ocrx_word' id='word_1_199' title='bbox 1700 2834 1863 2888; x_wconf 90' lang='lat' dir='ltr'><strong>etiam</strong></span> <span class='ocrx_word' id='word_1_200' title='bbox 1888 2852 2052 2910; x_wconf 87' lang='lat' dir='ltr'><strong>opera</strong></span> 
     </span>
     <span class='ocr_line' id='line_1_28' title="bbox 346 2931 2052 3011; baseline -0.001 -23"><span class='ocrx_word' id='word_1_201' title='bbox 346 2933 447 2990; x_wconf 91' lang='lat' dir='ltr'><strong>sub</strong></span> <span class='ocrx_word' id='word_1_202' title='bbox 477 2935 697 2989; x_wconf 90' lang='lat' dir='ltr'><strong>nomine</strong></span> <span class='ocrx_word' id='word_1_203' title='bbox 724 2933 926 3005; x_wconf 81' lang='lat' dir='ltr'><strong>aliene,</strong></span> <span class='ocrx_word' id='word_1_204' title='bbox 962 2946 1226 3011; x_wconf 87' lang='lat' dir='ltr'><strong>nepotum</strong></span> <span class='ocrx_word' id='word_1_205' title='bbox 1271 2932 1475 2989; x_wconf 89' lang='lat' dir='ltr'><strong>scilicet</strong></span> <span class='ocrx_word' id='word_1_206' title='bbox 1513 2945 1567 2988; x_wconf 91' lang='lat' dir='ltr'><strong>et</strong></span> <span class='ocrx_word' id='word_1_207' title='bbox 1609 2933 1794 2988; x_wconf 85' lang='lat' dir='ltr'><strong>uxoris</strong></span> <span class='ocrx_word' id='word_1_208' title='bbox 1827 2931 2052 2988; x_wconf 92' lang='lat' dir='ltr'><strong>sororis-</strong></span> 
     </span>
     <span class='ocr_line' id='line_1_29' title="bbox 346 3029 2051 3109; baseline -0.002 -23"><span class='ocrx_word' id='word_1_209' title='bbox 346 3053 476 3109; x_wconf 86' lang='lat' dir='ltr'><strong>que,</strong></span> <span class='ocrx_word' id='word_1_210' title='bbox 521 3033 647 3088; x_wconf 87' lang='lat' dir='ltr'><strong>fecit</strong></span> <span class='ocrx_word' id='word_1_211' title='bbox 682 3054 694 3088; x_wconf 90' lang='lat'>:</span> <span class='ocrx_word' id='word_1_212' title='bbox 728 3046 791 3090; x_wconf 89' lang='lat' dir='ltr'><strong>ut</strong></span> <span class='ocrx_word' id='word_1_213' title='bbox 829 3033 1105 3109; x_wconf 91' lang='lat' dir='ltr'><strong>porticum</strong></span> <span class='ocrx_word' id='word_1_214' title='bbox 1160 3030 1548 3107; x_wconf 90' lang='lat' dir='ltr'><strong>basilicamque</strong></span> <span class='ocrx_word' id='word_1_215' title='bbox 1605 3032 1726 3088; x_wconf 87' lang='lat' dir='ltr'><strong>Caii</strong></span> <span class='ocrx_word' id='word_1_216' title='bbox 1773 3042 1826 3086; x_wconf 91' lang='lat' dir='ltr'><strong>et</strong></span> <span class='ocrx_word' id='word_1_217' title='bbox 1869 3029 2051 3098; x_wconf 80' lang='lat' dir='ltr'><strong>Lucii3</strong></span> 
     </span>
     <span class='ocr_line' id='line_1_30' title="bbox 350 3129 2050 3210; baseline -0.002 -22"><span class='ocrx_word' id='word_1_218' title='bbox 350 3135 480 3189; x_wconf 87' lang='lat' dir='ltr'><strong>item</strong></span> <span class='ocrx_word' id='word_1_219' title='bbox 506 3136 749 3210; x_wconf 92' lang='lat' dir='ltr'><strong>porticus</strong></span> <span class='ocrx_word' id='word_1_220' title='bbox 781 3134 950 3191; x_wconf 85' lang='lat' dir='ltr'><strong>Liviae</strong></span> <span class='ocrx_word' id='word_1_221' title='bbox 981 3147 1037 3189; x_wconf 90' lang='lat' dir='ltr'><strong>et</strong></span> <span class='ocrx_word' id='word_1_222' title='bbox 1069 3133 1333 3202; x_wconf 77' lang='lat' dir='ltr'><strong>Octaviae,</strong></span> <span class='ocrx_word' id='word_1_223' title='bbox 1371 3132 1754 3207; x_wconf 85' lang='lat' dir='ltr'><strong>theatrumque</strong></span> <span class='ocrx_word' id='word_1_224' title='bbox 1789 3129 2050 3187; x_wconf 90' lang='lat' dir='ltr'><strong>Marcelli.</strong></span> 
     </span>
     <span class='ocr_line' id='line_1_31' title="bbox 351 3232 2054 3309; baseline -0.001 -23"><span class='ocrx_word' id='word_1_225' title='bbox 351 3232 452 3286; x_wconf 86' lang='lat' dir='ltr'><strong>Sed</strong></span> <span class='ocrx_word' id='word_1_226' title='bbox 485 3245 540 3288; x_wconf 87' lang='lat' dir='ltr'><strong>et</strong></span> <span class='ocrx_word' id='word_1_227' title='bbox 566 3246 773 3289; x_wconf 89' lang='lat' dir='ltr'><strong>ceteros</strong></span> <span class='ocrx_word' id='word_1_228' title='bbox 805 3234 1079 3309; x_wconf 89' lang='lat' dir='ltr'><strong>principes</strong></span> <span class='ocrx_word' id='word_1_229' title='bbox 1105 3233 1250 3309; x_wconf 85' lang='lat' dir='ltr'><strong>viros</strong></span> <span class='ocrx_word' id='word_1_230' title='bbox 1281 3253 1420 3308; x_wconf 83' lang='lat' dir='ltr'><strong>saepe</strong></span> <span class='ocrx_word' id='word_1_231' title='bbox 1449 3233 1698 3288; x_wconf 89' lang='lat' dir='ltr'><strong>hortatus</strong></span> <span class='ocrx_word' id='word_1_232' title='bbox 1727 3242 1829 3302; x_wconf 86' lang='lat' dir='ltr'><strong>est,</strong></span> <span class='ocrx_word' id='word_1_233' title='bbox 1867 3241 1926 3284; x_wconf 93' lang='lat' dir='ltr'><strong>ut</strong></span> <span class='ocrx_word' id='word_1_234' title='bbox 1953 3250 2054 3306; x_wconf 83' lang='lat' dir='ltr'><strong>pro</strong></span> 
     </span>
    </p>
   </div>
  </div>
 </body>
</html>
