2372 3918
400 304 414 331 1
431 294 452 342 4
463 304 487 332 2
1168 290 1358 335 NOTAE

392 383 587 430 examen
618 399 785 429 eorum
811 384 895 446 qui
916 383 1022 445 jure
1050 394 1130 430 aut
1161 385 1334 445 injuria
1351 420 1363 442 ,
1390 385 1585 446 publico
1612 387 1852 432 frumento
1894 399 2128 437 sustenta-

390 462 578 506 bantur.
609 460 726 520 Dio,
756 461 841 508 uhi
861 477 1028 523 supra,
1049 478 1096 524 1).
1133 469 1227 518 224
1260 479 1270 507 :
1309 475 1387 513 Τοῦ
1421 471 1591 520 πλήθους
1613 477 1684 514 τοῦ
1716 472 1784 514 τὸν
1813 473 1925 517 σῖτον
1951 476 2130 532 φέροντος

391 544 580 595 ἐξέτασις.
609 539 808 585 Causam
829 538 991 586 addit:
1015 552 1103 592 Τοῦ
1121 548 1292 597 πλήθους
1325 549 1367 590 οὐ
1391 547 1501 590 κατὰ
1532 544 1651 595 δίκην
1666 582 1676 601 ,
1695 550 1783 591 ἀλλ’
1805 549 1857 599 ὣς
1879 568 1956 594 που
1987 554 2023 594 ἐν
2041 555 2131 602 ταῖς

390 622 582 666 στάσεσιν
605 622 718 666 ἐἴωθε
741 623 948 682 γίγνεσθαι
971 623 1272 674 ἐπαυξηθέντος·

455 693 556 737 Nec
588 709 728 739 more.
755 695 846 738 Per
876 708 1092 739 censores
1124 693 1247 738 enim
1265 709 1340 746 res
1369 694 1533 756 peragi
1556 695 1753 740 solebat.

454 770 578 814 Loco
606 771 759 814 solito,
791 770 1003 832 Intellige
1029 785 1248 830 campum
1270 770 1510 816 Martium.

463 846 674 892 Vicatim.
701 848 759 892 H.
787 863 825 892 e.
852 863 941 907 per
967 847 1097 893 vicos
1114 882 1126 905 ,
1150 855 1205 893 ut
1226 848 1374 893 Tacit.
1394 883 1408 906 ,
1433 849 1551 895 Hist.
1569 883 1582 906 ‚
1607 865 1675 906 11,
1702 847 1793 909 95:
1813 870 1831 890 α
1852 849 2004 897 Editis
2027 859 2127 898 tota

387 922 507 967 urbe
529 922 720 968 vicatim
741 923 1099 986 gladiatoribus.
1124 943 1142 964 υ

453 1001 737 1046 [mul-arum.
763 1002 821 1046 H.
847 1001 878 1046 1.
901 1015 990 1061 per
1016 1002 1193 1046 insulas·
1219 1000 1427 1063 intellige
1450 1016 1621 1061 parvas
1636 1002 1758 1048 aedes
1780 1013 1826 1049 et
1841 1004 2130 1066 mediocres,

387 1093 413 1121 a
451 1077 649 1139 reliquis
682 1076 889 1123 aedificiis
919 1077 1176 1138 sejunctas,
1215 1093 1334 1139 quas
1365 1077 1663 1125 tenuioribus
1693 1078 1875 1127 civibus
1910 1083 2132 1130 locabant

386 1154 573 1199 illarum
601 1154 798 1201 domini.

453 1233 697 1279 Recensiti.
722 1234 781 1278 H.
811 1248 851 1278 e.
879 1233 1153 1278 recensione
1187 1232 1249 1278 ad
1275 1233 1695 1284 frumentationem
1723 1235 1925 1282 admissi.

454 1309 564 1354 Cn.
604 1310 757 1354 XLII.
795 1309 1028 1355 ColoniaS.
1064 1309 1396 1372 Carthaginem
1431 1309 1688 1370 praesertim
1734 1320 1780 1357 et
1828 1313 2128 1360 Corinthum.

383 1387 528 1430 Pmrr.
546 1384 597 1430 in
623 1386 826 1440 Coe5.,et
851 1387 972 1444 D10‚
997 1401 1148 1443 x1.111,
1181 1401 1229 1446 p.
1269 1387 1379 1448 239.

456 1463 605 1508 Urbis.
625 1489 690 1497 -
711 1463 828 1507 Urbi
857 1462 1050 1508 rectius.

452 1541 558 1585 Non
595 1549 835 1584 teneretur.
864 1540 923 1585 H.
951 1555 989 1585 e.
1017 1539 1148 1585 miles
1178 1555 1277 1585 non
1297 1550 1415 1586 esset
1441 1558 1451 1584 :
1482 1549 1828 1586 sacramentum
1862 1541 1954 1587 fuit
1973 1542 2131 1603 jusju-

383 1615 586 1661 randum
609 1632 709 1676 quo
739 1616 907 1661 milites
939 1617 1241 1662 tenebantur.
1991 1618 1994 1620 ’

454 1692 808 1739 Contubernalis
845 1704 929 1738 aut
960 1710 1128 1738 comes.
1162 1693 1293 1752 Quid
1323 1694 1382 1747 stit
1406 1695 1778 1749 contubernalis,
1806 1695 1917 1742 vide
1941 1712 2047 1757 sup.
2075 1713 2129 1742 11.

390 1769 556 1815 Comes
586 1770 743 1817 dictus
757 1806 771 1830 ‚
799 1770 883 1832 qui
907 1770 1037 1831 apud
1066 1771 1392 1833 magistratum
1416 1781 1516 1816 erat
1540 1771 1639 1817 sine
1662 1772 1864 1832 imperio
1881 1809 1895 1831 ‚
1924 1775 1999 1819 vel
2019 1773 2130 1819 offi-

383 1846 468 1905 cii,
496 1848 572 1892 vel
597 1846 810 1893 amicitiae
829 1883 842 1906 ‚
875 1864 974 1893 non
997 1847 1171 1892 militiae
1201 1863 1351 1892 causa.
1864 1883 1870 1887 .

449 1925 575 1969 Neve
604 1925 702 1971 hi...
728 1925 966 1970 haberent.
990 1927 1110 1970 Rem
1144 1924 1351 1971 dilucide
1380 1925 1448 1970 Cl.
1474 1926 1597 1971 Hase
1630 1926 1832 1987 explicat
1865 1944 1875 1970 ε
1909 1949 1927 1970 a
1951 1927 2019 1974 Ut
2048 1943 2130 1973 re—

380 2011 625 2047 manerent
645 2002 696 2046 in
719 2002 855 2047 Italia
878 2001 1095 2065 ingenui,
1115 2002 1199 2062 qui
1218 2001 1394 2047 liberos
1417 1999 1750 2062 procrearent,
1783 2020 1932 2064 quum
1961 2003 2130 2050 militi-

380 2079 471 2124 bus
492 2095 667 2125 uxores
691 2080 867 2125 ducere
896 2078 1029 2125 haud
1055 2078 1231 2124 liceret.
1270 2099 1290 2119 »

446 2159 681 2202 Novarum
714 2158 992 2202 tabularum.
1031 2159 1148 2214 Quae
1172 2152 1277 2201 fieri
1316 2156 1622 2214 dicebantur,
1650 2157 1849 2217 quando
1884 2157 2130 2217 prioribus

381 2234 552 2279 debitis
575 2234 761 2279 abolitis
786 2234 987 2280 creditas
1003 2249 1109 2279 cum
1132 2232 1285 2279 usuris
1308 2233 1535 2293 pecunias
1564 2233 1882 2279 creditoribus
1905 2249 2007 2279 non
2028 2237 2129 2280 sol-

379 2312 554 2356 vebant
584 2310 843 2356 debitores.

447 2390 770 2434 Numer-atum.
802 2390 951 2433 Vetus
978 2387 1225 2433 inventum
1244 2423 1256 2445 ,
1280 2386 1470 2447 quoties
1494 2396 1691 2448 angusta
1718 2385 1836 2440 fides
1859 2396 1974 2432 erat.
2001 2386 2101 2432 Liv.
2115 2423 2127 2444 ,

379 2483 452 2524 v1‚
479 2465 541 2512 35
570 2482 580 2510 :
609 2486 629 2507 (ι
650 2465 856 2511 Tribuni
888 2466 1253 2527 promulgavere
1284 2465 1411 2526 leges
1447 2479 1608 2508 omnes
1641 2464 1869 2508 adversus
1894 2479 2010 2523 opes
2033 2479 2127 2524 pa—

380 2544 630 2589 triciorum
661 2549 708 2589 et
739 2559 831 2603 pro
858 2541 1121 2588 commodis
1142 2541 1297 2602 plebis
1318 2557 1334 2585 t
1358 2557 1502 2586 uuam
1535 2541 1599 2586 de
1629 2556 1720 2585 aere
1745 2540 1928 2599 alieno,
1959 2550 2013 2586 ut
2037 2541 2126 2587 de—

381 2622 525 2667 ducto
543 2637 600 2666 eo
618 2620 678 2667 de
705 2620 857 2682 capite
889 2619 1025 2681 quod
1048 2619 1109 2664 de
1133 2618 1289 2665 usuris
1311 2628 1703 2679 pernumeratum
1733 2628 1878 2674 esset,
1911 2619 1963 2665 id
1987 2620 2123 2681 quod

380 2707 667 2760 superesset,
692 2696 898 2744 triennio
929 2697 1076 2758 aequis
1103 2697 1409 2757 portionibus
1432 2698 1800 2757 persolveretur.
1823 2717 1840 2737 »

452 2776 747 2838 Collegia.1A
761 2776 918 2821 Numa
934 2774 1190 2820 constituta
1213 2774 1407 2819 fuerunt
1422 2809 1436 2832 ‚
1458 2775 1580 2819 Plut.
1596 2809 1609 2832 ‚
1633 2774 1772 2819 Num.
1781 2807 1796 2827 ,
1824 2789 1955 2831 xv113
1972 2789 2125 2833 quum

379 2867 516 2911 vero,
546 2868 721 2915 magno
752 2851 1026 2912 reipublicae
1057 2850 1366 2910 detrimento,
1396 2851 1674 2911 frequenter
1713 2860 1862 2896 coetus
1895 2850 2124 2895 factioso-

379 2947 484 2975 rum
514 2929 760 2975 hominum
786 2929 884 2975 sine
906 2929 1096 2989 publica
1121 2930 1400 2980 auctoritate
1416 2927 1611 2986 fierent,
1637 2927 1835 2990 collegia
1864 2933 1918 2972 A.
1948 2929 2006 2973 U.
2026 2926 2123 2972 686

380 3008 567 3053 sublata
583 3012 690 3052 sunt
712 3016 885 3067 praeter
911 3022 1064 3066 pauca
1094 3015 1238 3067 atque
1261 3016 1400 3056 certa.
1419 3005 1694 3064 Ascon.‚‚in
1718 3004 1833 3063 Cic„
1848 3020 1896 3065 p.
1921 3004 2026 3064 159.
2056 3004 2120 3048 Ea

379 3084 649 3130 restituerat
682 3086 730 3129 P.
765 3083 975 3130 Clodius.
1010 3085 1113 3129 C1c.
1143 3085 1191 3127 in
1226 3083 1748 3144 Pis.,‚-1v;pmSe.z-t.,
1781 3098 1844 3137 xv
1867 3090 1913 3127 et
1944 3096 2052 3126 xxv.

425 3155 743 3209 'Facinorum
775 3161 982 3206 Maxime
1007 3161 1067 3207 de
1095 3160 1284 3207 sicariis.
1708 3147 1712 3150 γ
1907 3222 1909 3225 Ι

448 3238 728 3285 Parricidas.
745 3239 907 3283 Festus
926 3254 936 3281 :
960 3259 978 3279 «
999 3238 1240 3284 Parricida
1264 3253 1362 3282 non
1379 3238 1546 3298 utique
1569 3237 1607 3282 is
1621 3273 1634 3294 ,
1655 3236 1740 3297 qui
1762 3244 2007 3296 parentem
2032 3248 2118 3276 oc-.-

382 3314 588 3372 cidisset‚
615 3315 889 3372 dicebatur,
916 3315 999 3360 sed
1026 3317 1420 3375 qualemcumque
1439 3314 1693 3358 hominem.
1721 3313 1779 3357 Id
1795 3321 1952 3357 autem
1979 3309 2120 3354 fuisse
