2372 3918
426 283 518 328 232
763 343 766 346 Δ
1191 274 1381 322 NOTAE

421 374 622 437 publicis
657 374 874 419 detentus
911 373 961 416 in
1002 386 1190 417 scenam
1234 369 1456 430 prodire,
1493 378 1635 430 atque
1667 370 1724 415 de
1756 372 1910 430 palma
1942 389 2048 419 cum
2088 390 2140 420 eo

424 460 601 497 certare
616 456 842 509 nequeat,
871 455 1030 493 utatur
1055 463 1111 493 eo
1143 454 1352 505 ternpore
1376 445 1438 490 ad
1460 445 1669 490 favorem
1692 446 1858 506 populi
1874 462 1988 494 voce
2010 463 2145 496 com-

423 526 699 587 parandum.
1777 583 1779 585 ι

491 604 598 648 Cn.
634 602 807 658 XLIII.
845 600 1077 645 Consules.
1106 599 1154 643 C.
1189 597 1353 642 Silium
1384 599 1598 643 Italicum
1621 598 1846 662 (poetam)
1871 610 1917 646 et
1948 605 2014 649 Μ.
2047 605 2146 649 Ga-

426 680 594 725 lerium
617 678 911 723 Trachalum.

491 757 597 801 Cn.
621 756 794 801 XLIV.
836 755 995 799 Tribus
1024 754 1238 798 athanas.
1276 754 1332 797 H.
1359 769 1397 796 e.
1429 753 1616 812 plebem
1647 756 1890 801 urbanam.

490 831 913 892 Dispensatoribus.
942 830 1064 875 Vide
1092 832 1209 889 Aug.
1228 863 1240 883 ,
1268 844 1331 874 xx
1342 844 1428 874 vu.

492 906 878 954 Amanuensibus.
914 906 1036 950 Vide
1072 906 1219 959 Caes„
1247 921 1410 949 Lxxnv.

492 986 845 1045 Reproesenlare
852 982 991 1039 fisco.
1017 983 1074 1026 H.
1101 997 1138 1026 e.
1173 981 1284 1026 fisco
1309 984 1505 1026 solvere.

489 1063 735 1119 Asperum.
769 1057 827 1101 H.
853 1073 877 1101 e
917 1073 1014 1102 non
1039 1058 1214 1101 tritum.

490 1136 795 1180 Pastulawm.
821 1134 878 1177 H.
913 1149 949 1177 e.
977 1134 1237 1192 pulsatum,
1266 1134 1339 1177 vel
1372 1148 1564 1193 purum.

490 1217 665 1258 Aurum
711 1210 780 1253 ad
814 1210 1070 1253 obrussam.
1106 1210 1164 1255 H.
1213 1227 1251 1254 e.
1292 1210 1400 1272 igne
1443 1212 1704 1270 probatum
1746 1228 1757 1255 ι
1804 1211 2043 1256 obrussam
2074 1215 2149 1258 vel

425 1290 644 1347 obryzam
666 1286 807 1330 latine
833 1285 997 1330 dicunt
1021 1285 1124 1330 auri
1153 1287 1547 1346 experimentum,
1565 1288 1700 1347 quod
1724 1287 1831 1348 igne
1855 1290 2068 1347 sumitur,
2092 1306 2150 1335 ex

426 1379 576 1429 graeco
616 1367 770 1427 ὀῧρύζη.
805 1363 874 1407 Cf.
916 1364 1078 1420 Pmm,
1107 1365 1163 1407 H.
1207 1367 1297 1418 N.‚
1332 1380 1522 1422 ΧΧΧιιι,
1559 1365 1601 1410 3.
1646 1365 1763 1410 Inde
1797 1381 1884 1425 per
1919 1369 2148 1425 translat„

426 1441 547 1498 Cic.‚
573 1441 730 1492 Brut„
759 1454 903 1483 Lxx1v
935 1454 945 1482 :
974 1459 992 1478 «
1019 1443 1130 1494 Quo
1164 1441 1309 1501 magis
1335 1442 1670 1502 expurgandus
1699 1449 1767 1486 est
1791 1440 1968 1499 sermo,
1994 1452 2039 1487 et
2062 1443 2150 1487 ad·-

424 1515 657 1571 hibenda,
681 1523 907 1574 tanquam
934 1515 1149 1569 obrussa,
1177 1516 1312 1560 ratio.
1332 1536 1355 1557 η
1391 1518 1458 1561 Ita
1486 1520 1685 1574 Seneca,
1714 1517 1868 1577 Epist.
1898 1533 2016 1562 x111.

492 1594 599 1638 Cn.
628 1593 773 1637 XLV.
816 1593 1049 1636 Lucranti.
1088 1593 1158 1636 Al.
1198 1594 1500 1647 lucr-antium,
1539 1595 1673 1653 quod
1715 1592 1778 1639 sic
1814 1593 2150 1654 interpretatur

427 1670 495 1715 Cl.
530 1672 662 1713 Hase
695 1684 709 1712 .-
736 1667 952 1713 «Invidia
977 1684 1034 1713 ex
1059 1683 1256 1713 annonae
1288 1670 1498 1715 caritate
1518 1668 1798 1715 lucrantium
1837 1671 1927 1732 ipsi
1952 1687 2147 1733 quoque

426 1745 607 1791 Neroni
639 1744 857 1789 accrevit.
883 1763 907 1786 n
1447 1734 1449 1737 ’

490 1824 745 1868 Pulverem.
776 1824 847 1868 De
877 1838 974 1882 quo
1015 1823 1155 1881 Plin„
1194 1826 1249 1868 H.
1278 1825 1362 1879 N„
1397 1840 1540 1882 xxxv,
1571 1826 1624 1869 13
1652 1843 1662 1869 z
1693 1845 1710 1865 «
1743 1826 1853 1871 Non
1889 1827 2087 1871 multum
2120 1844 2146 1872 a

425 1900 618 1958 pulvere
652 1900 906 1957 puteolano
944 1898 1081 1943 distat
1110 1915 1248 1943 arena
1273 1915 1296 1944 e
1322 1900 1459 1958 Nilo,
1484 1901 1749 1946 tenuissima
1773 1902 1844 1946 sui
1867 1911 2025 1961 parte,
2047 1919 2147 1948 non

427 1975 488 2021 ad
525 1975 793 2020 sustinenda
828 1974 972 2019 maria
1005 1974 1271 2036 fluctusque
1305 1977 1615 2038 frangendos,
1652 1978 1736 2023 sed
1767 1979 1827 2023 ad
1869 1980 2147 2025 debellanda

428 2067 631 2112 corpora
656 2053 879 2111 palaestrae
905 2051 1085 2096 studiis.
1111 2052 1226 2097 Inde
1252 2061 1376 2098 certe
1403 2054 1652 2111 Patrobio,
1685 2055 1883 2099 Neronis
1923 2056 2147 2116 principis

431 2128 603 2173 liberto
620 2162 632 2185 ,
659 2127 990 2172 advehebatur.
1021 2148 1039 2167 »

497 2204 663 2249 Cirrus.
692 2204 766 2248 Al.
796 2218 975 2249 curruS.

499 2282 734 2324 Traderet.
762 2278 865 2322 Scil.
889 2279 961 2322 vel
977 2280 1176 2338 cirrum,
1202 2283 1273 2327 vel
1299 2299 1520 2344 agonem,
1543 2285 1589 2329 h.
1615 2300 1654 2329 e.
1670 2283 1930 2344 imperium.
1946 2285 2019 2327 Al.
2041 2293 2139 2327 tra-

425 2358 573 2401 heret.

495 2434 659 2493 Ego....
685 2434 906 2478 meruisti.
948 2436 1050 2478 Hoc
1081 2433 1264 2480 diversa
1302 2435 1628 2495 explicuerunt
1662 2438 1890 2481 :omnino
1925 2436 2150 2481 assentior

430 2510 494 2562 CI.
536 2509 665 2552 Hase
707 2509 880 2554 dicenti
922 2526 931 2552 ε
970 2529 989 2548 «
1026 2510 1344 2569 Suspenderat
1383 2511 1482 2569 ejus
1526 2521 1687 2557 statuae
1726 2513 1870 2556 homo
1907 2513 1966 2556 de
2010 2512 2148 2571 plebe

431 2600 722 2643 ascoperam,
756 2601 851 2646 qua
885 2586 1154 2646 abeundum
1169 2587 1271 2648 ⁴jam
1298 2603 1394 2633 esse
1416 2588 1463 2632 in
1489 2587 1697 2633 exsilium
1723 2598 1767 2632 et
1800 2588 2030 2633 miseriam
2046 2589 2147 2632 Ne-

430 2661 533 2705 roni
558 2660 863 2720 significaret‚
888 2663 1115 2722 quoniam
1137 2663 1340 2708 mendici
1364 2673 1544 2725 gestare
1569 2681 1648 2709 eat·
1675 2667 1914 2722 solebant,
1937 2664 2148 2709 addidit-

430 2751 522 2794 que
547 2752 557 2780 :
596 2756 613 2775 <t
650 2738 777 2798 Ego,
800 2738 877 2782 cui
900 2739 1028 2782 nulla
1063 2747 1267 2797 potestas
1296 2740 1344 2784 in
1370 2740 1554 2785 civitate
1570 2776 1582 2797 ‚
1610 2741 1694 2786 sed
1713 2741 1892 2799 justum
1923 2741 1980 2785 de
2001 2750 2044 2786 te
2066 2742 2147 2799 ju-

432 2831 451 2850 «
480 2812 678 2870 dicium,
713 2814 832 2873 quid
854 2814 1016 2873 potui,
1037 2815 1128 2860 nisi
1151 2816 1273 2861 hoc?
1306 2818 1386 2862 sed
1424 2827 1498 2873 lu,
1535 2820 1571 2863 si
1606 2820 1732 2876 leges
1755 2822 1932 2876 valent,
1966 2828 2020 2863 ut
2046 2834 2150 2862 ma-

430 2907 447 2925 «
474 2887 639 2936 tricida
659 2891 846 2934 culeum
867 2891 1092 2935 meruisti.
1114 2912 1132 2931 »
1157 2895 1376 2937 Tol-rent.
1405 2911 1414 2937 z
1434 2910 1518 2954 ego
1540 2897 1669 2954 quod
1684 2898 1836 2955 potui,
1863 2897 2029 2955 supple
2028 2894 2147 2952 feci.

499 2965 676 3009 Gallos.
707 2967 854 3010 Lusus
889 2966 935 3010 in
965 2968 1146 3021 Gallis,
1171 2969 1339 3028 populi
1369 2979 1415 3014 et
1438 2970 1594 3015 avium
1622 2971 1828 3015 nomine.

502 3040 756 3085 Vindicem.
784 3043 962 3086 Lusum
987 3042 1101 3086 etin
1135 3045 1327 3089 Vindice
1354 3061 1450 3090 esse
1477 3056 1620 3106 patet.

498 3116 607 3159 Cu».
646 3118 816 3160 XLVI.
857 3121 1168 3163 Astura-onem.
1201 3122 1272 3164 Sc.
1313 3137 1514 3181 equum,
1550 3123 1624 3167 cui
1661 3125 1721 3167 ab
1747 3122 1933 3169 Asturia
1962 3137 2145 3166 nomen.

434 3191 503 3236 Cf.
534 3194 703 3248 Pam,
732 3195 787 3237 H.
816 3195 901 3247 N.,
929 3210 1028 3238 vul
1049 3230 1061 3250 ,
1091 3201 1165 3249 42.

500 3268 773 3327 Patefactis.
802 3273 871 3314 lta
896 3271 1103 3329 Xiphil„
1128 3287 1256 3316 Lxm
1274 3308 1288 3330 ,
1312 3290 1359 3332 p.
1389 3275 1480 3330 726

2365 2871 2372 2926 ..Β
2368 2829 2372 2859 ....
2363 2765 2372 2814 ...ι
2367 2736 2372 2739 .
2366 2687 2372 2699 ..
