2372 3918
381 320 475 350 200
1155 314 1345 359 NOTAE

438 406 663 451 Bucceas.
689 404 796 452 Seii.
828 407 964 469 panis
998 408 1175 469 frusta3
1206 425 1352 472 panes
1386 411 1510 457 enim
1540 412 1590 457 in
1620 416 1861 474 quadras,
1899 420 2105 479 quadras

370 483 419 526 in
444 482 640 527 bucceas
663 483 899 530 secabant.

433 557 543 605 Cu».
585 554 855 607 LXXV11.'
873 562 1023 623 Super
1054 578 1251 611 coenam.
1297 565 1513 627 Intellige
1557 582 1707 613 coenoe
1746 579 1953 631 tempore
1979 589 1995 616 :
2024 574 2072 618 lo
2090 600 2103 607 -

367 634 548 696 quendi
574 635 747 683 modus
767 637 846 683 ille
860 639 1037 685 Nostro
1062 638 1399 688 usitatissimus.
1429 642 1498 688 Cf.
1531 643 1624 688 Tib.
1639 678 1655 700 ,
1684 660 1793 704 mu,
1813 646 1912 692 Cal.
1925 681 1941 703 ,
1968 664 2072 694 xxm
2090 686 2104 708 ,

366 710 475 757 Ner.
489 745 506 767 ‚
534 727 670 772 xxu,
694 721 785 760 etc.

431 789 491 835 Se
513 790 740 836 invitaret.
764 816 832 826 —-
856 792 966 837 Sese
1002 792 1194 838 invitare
1221 793 1461 853 dicuntur,
1494 797 1579 857 qui
1610 797 1784 860 largius
1820 800 1997 847 bibunt
2023 812 2103 848 aut

364 873 635 926 vescuntur,
669 874 723 912 ut
744 867 931 914 Sallust.
964 869 1094 930 apud
1118 870 1272 930 Non.,
1309 888 1385 930 ιν,
1412 872 1507 917 232
1539 890 1550 917 z
1577 896 1595 914 «
1626 878 1786 933 Quum
1817 892 1865 922 se
1895 878 1964 925 ibi
1994 869 2101 925 cibo

367 942 578 1006 vinoque
601 943 695 989 laeti
722 943 993 992 invitarent.
1019 967 1039 988 »
1064 947 1133 992 Cf.
1162 949 1338 994 PLAu‘r.
1355 983 1368 1006 ,
1395 950 1572 1011 Amph.
1588 985 1603 1006 ,
1631 969 1676 1010 1,
1708 970 1725 997 1
1749 989 1761 1012 ‚
1802 971 1889 1013 127
1928 973 1939 1000 ε

540 1096 650 1138 Mira
668 1106 784 1149 sunt,
806 1098 884 1139 nisi
897 1098 1077 1140 invitavit
1094 1113 1176 1141 sese
1194 1100 1237 1140 in
1256 1113 1366 1142 coena
1388 1101 1622 1155 plusculum.
1640 1091 1650 1097 ⁸

428 1244 572 1290 Senos
605 1254 863 1291 sextantes.
887 1247 948 1291 H.
983 1262 1023 1292 e.
1048 1250 1310 1293 sextarium
1317 1265 1337 1305 ,⁰
1360 1258 1548 1295 sextans
1572 1251 1698 1297 enim
1729 1253 1851 1298 duos
1882 1254 2102 1299 contine-

360 1321 445 1366 bat
466 1320 663 1381 cyathos
677 1339 698 1378 ,·
719 1323 915 1385 cyathus
944 1339 1061 1369 vero
1086 1325 1420 1372 duodecimam
1446 1336 1628 1388 partem
1652 1329 1865 1391 sextarii,
1896 1331 1980 1391 qui
2004 1342 2103 1377 erat

361 1406 490 1459 sexta
516 1413 628 1459 pars
651 1400 834 1461 congii3
858 1398 1056 1463 congius
1086 1411 1242 1448 autem
1267 1412 1434 1450 octava
1457 1419 1568 1464 pars
1591 1406 1854 1467 amphorae.

428 1474 698 1534 Rejz'ciebat.
739 1477 851 1522 Scil.
889 1478 1127 1523 vomebat.
1160 1479 1302 1538 Plin.,
1333 1482 1391 1525 H.
1427 1482 1519 1536 N.‚
1545 1497 1656 1540 xiv,
1699 1485 1729 1528 6
1761 1499 1773 1527 ε
1804 1503 1822 1522 α
1854 1487 1909 1527 ln
1936 1485 2095 1529 Vero-

359 1552 495 1598 nensi
523 1553 636 1599 item
658 1555 843 1599 Rcetica
864 1551 1015 1618 (vina)
1041 1557 1249 1602 Falernis
1274 1566 1458 1604 tantum
1485 1559 1761 1619 posthabita
1784 1575 1811 1605 a
1834 1560 2049 1622 Virgilio.
2078 1583 2097 1602 »

427 1630 540 1676 Cu.
572 1632 849 1678 LXXVIII.
874 1633 1091 1679 Retectis.
1120 1635 1319 1680 Casaub.
1356 1644 1405 1680 et
1435 1637 1617 1682 Ernest.
1659 1637 1928 1700 intelligunt
1958 1639 2098 1693 bene,

358 1706 613 1768 diligenter
642 1709 800 1765 tectis,
835 1709 972 1771 quod
1002 1720 1170 1756 contra
1206 1712 1454 1757 solennem⁴
1473 1713 1610 1759 verbi
1642 1729 1780 1758 usum
1819 1723 1945 1760 recte
1975 1731 2098 1760 con-

356 1784 511 1829 tendit
536 1785 749 1832 Bremius
773 1787 859 1848 qui
880 1787 947 1833 sic
977 1787 1026 1833 h.
1064 1789 1096 1834 l.
1131 1790 1473 1850 interpretatur
1499 1806 1511 1834 :
1537 1791 1741 1851 apertis,
1770 1792 1865 1837 sive
1888 1794 2096 1854 stragula

357 1876 458 1907 non
481 1863 616 1909 tectis
641 1879 737 1926 qua
759 1864 873 1911 alias
894 1866 1200 1912 meridiantes
1222 1867 1295 1912 uti
1319 1867 1562 1926 solebant,
1583 1878 1807 1914 monente
1825 1871 1893 1915 Cl.
1918 1872 2061 1914 Hase.

424 1942 485 1986 In
513 1943 787 1987 lecticulam.
815 1945 1009 2001 Veteres
1044 1944 1193 2001 enim,
1225 1942 1534 1989 meditatione
1564 1953 1646 1989 aut
1685 1946 1940 2007 scriptione
1976 1963 2098 2008 ope-

354 2033 457 2064 ram
480 2017 661 2077 daturi,
690 2017 742 2064 in
773 2019 1000 2066 lenticulis
1022 2019 1118 2067 suis
1155 2036 1204 2067 se
1227 2020 1581 2082 componebant
1589 2039 1603 2081 3
1627 2022 1763 2082 quod
1791 2022 1952 2068 multis
1981 2023 2097 2069 locis

355 2094 559 2141 illustrat
581 2096 847 2142 Casaubon.
873 2096 936 2143 ad
959 2098 1009 2142 h.
1033 2098 1066 2143 l.

424 2167 543 2219 Cn.
572 2174 796 2219 LXXIX.
821 2175 1023 2220 Nitidos.
1054 2175 1124 2221 Cf.
1149 2176 1314 2234 Pura,
1352 2177 1410 2220 H.
1439 2177 1527 2229 N„
1554 2190 1630 2233 x1‚
1655 2177 1732 2222 32.
1760 2177 1918 2222 Aurel.
1946 2176 2093 2233 Vict.,

355 2251 510 2311 Epist.
542 2267 562 2294 1
587 2268 598 2295 :
624 2251 771 2296 «Fuit
794 2267 999 2313 corpore
1030 2260 1136 2297 toto
1171 2252 1388 2313 pulcher,
1411 2252 1496 2299 sed
1517 2254 1667 2299 oculis
1690 2252 1853 2317 magis.
1875 2275 1893 2295 ‚2

421 2311 648 2375 libertus,
681 2328 778 2386 Qui
806 2329 1000 2389 patroni
1020 2329 1094 2375 sui
1122 2345 1200 2375 res
1219 2329 1507 2390 perscripsit.

424 2404 782 2451 Commoditate.
807 2407 866 2451 H.
894 2421 935 2451 e.
970 2415 1084 2468 apta
1106 2408 1433 2453 membrorum
1455 2406 1814 2468 compositione.

421 2483 532 2528 Cn.
563 2483 765 2529 LXXX.
793 2486 1104 2531 Arundinum.
1130 2485 1464 2547 Alligabantur
1493 2485 1665 2531 femori
1690 2485 1915 2546 crurique
1943 2501 2091 2529 arun—

354 2561 515 2614 dines,
544 2559 575 2604 i.
611 2575 652 2605 e.
676 2559 951 2608 fulcimenta
982 2561 1165 2623 lignea,
1189 2576 1272 2608 seu
1307 2562 1596 2619 arundinea,
1627 2577 1715 2623 per
1750 2562 1855 2608 lora
1876 2562 2094 2623 quaedam

352 2639 524 2700 longa,
555 2638 651 2682 lata
681 2640 831 2700 atque*
853 2639 1061 2698 tenacia,
1100 2655 1205 2701 quae
1240 2638 1409 2701 priscis
1429 2639 1624 2686 medicis
1647 2639 1965 2686 audiebantur
1997 2640 2092 2684 Iza-

353 2716 489 2759 benoe
504 2746 520 2769 ‚
547 2713 715 2758 fasciae.
731 2734 753 2756 »

424 2791 713 2843 Salutat-eme
734 2792 842 2838 Scil.
878 2792 1085 2841 indicem
1119 2793 1285 2856 pollici
1318 2794 1618 2856 proximum,
1642 2795 1709 2840 ita
1745 2793 1926 2840 dictum
1958 2807 2091 2848 sane,

355 2869 493 2931 quod
525 2883 585 2914 eo
615 2867 688 2914 ori
723 2868 919 2917 admoto
955 2887 1007 2917 se
1036 2863 1239 2918 invicem
1266 2873 1556 2926 salutarem,-
1586 2871 1684 2918 sive
1719 2871 1803 2916 illo
1838 2887 1894 2916 ae
1928 2869 2092 2930 pollici

355 2945 606 2992 contractis
627 2945 678 2990 in
701 2963 850 2993 unum
882 2949 1047 2995 osculo
1068 2949 1298 3012 impresso
1325 2950 1523 2994 salutem
1551 2952 1873 3011 precarentur.
1910 2949 2059 2993 Fran.
2078 2981 2092 3005 ‚

354 3024 530 3078 Elect.,
563 3040 605 3081 1,
632 3039 708 3070 21.
1576 3054 1579 3057 ι

421 3101 535 3146 Car.
559 3102 789 3147 LXXXI.
830 3102 1102 3150 Cantabria.
1127 3103 1410 3150 Cantabrico
1438 3103 1594 3162 bello,
1633 3102 1766 3165 gravi
1792 3102 1966 3147 'morbo
1994 3101 2086 3144 im-

353 3175 546 3236 plicitus
573 3185 643 3224 est
665 3194 678 3222 τ
700 3176 823 3238 Dio,
848 3180 966 3238 mn,
986 3195 1035 3242 p.
1064 3180 1157 3236 514
1183 3197 1196 3225 t
1222 3180 1275 3231 ἐν
1310 3188 1451 3245 ἀπόρῳ
1483 3188 1752 3230 παντάπασιν
1782 3186 1941 3243 ἐγένετο
1974 3201 2042 3226 και
2070 3185 2087 3224 ὁ

357 3260 427 3315 μὲν
459 3261 504 3302 ἔκ
525 3277 573 3303 τε
596 3267 667 3304 τοῦ
697 3263 887 3320 καμάτου
910 3263 980 3306 καὶ
1011 3266 1054 3307 ἐκ
1076 3268 1155 3307 τῶν
1182 3261 1402 3320 φροντίδων
1428 3265 1626 3315 νοσήσας,
1655 3265 1691 3312 ἐς
1721 3263 1973 3320 Ταῤῥοίκωνοι
2002 3262 2090 3301 ἀνε-

354 3337 532 3394 χώρησε,
561 3338 629 3384 καὶ
659 3342 741 3382 ἐκεῖ
768 3341 975 3398 ἧῤῥώστει.
