2372 3918
440 239 547 307 272‘
1198 250 1386 294 NOTAE

503 348 608 391 Car.
634 344 759 387 XIV.
787 343 1006 386 Primum.
1032 345 1086 386 A.
1113 341 1171 387 U.
1196 342 1289 387 808
1308 376 1323 399 ,
1349 358 1457 387 cum
1481 343 1532 386 L.
1558 341 1755 387 Antistio
1777 345 1957 388 Vetere.

503 421 775 466 Secundum.
801 423 857 463 A.
881 419 939 464 U.
966 417 1082 475 810,
1112 433 1217 462 cum
1254 419 1308 463 L.
1332 418 1593 478 Calpurnio
1616 418 1794 463 Pisone.

504 497 822 541 Novissimum.
852 498 909 540 A.
934 496 992 541 U.
1020 495 1136 551 813,
1164 510 1269 539 cum
1304 495 1524 539 Cornelio
1558 496 1761 541 Lentulo
1785 496 1944 540 Cosso.

505 573 715 617 Tertium.
750 574 806 617 A.
836 573 895 617 U.
924 571 1039 628 811,
1065 586 1171 616 cum
1195 572 1359 615 Marco
1383 569 1572 614 Valerio
1598 572 1804 615 Messala.

502 652 611 695 Car.
647 650 754 694 XV.
789 648 1090 693 Continuis....
1123 656 1299 708 ageret.
1340 648 1518 691 Ernest.
1555 655 1602 691 et
1633 646 1948 706 Oudendorp.
1979 648 2145 694 dicunt

434 727 670 772 Neronem
702 725 905 771 omisisse
932 733 1135 769 veterem
1167 738 1346 768 morem
1370 724 1584 767 continua
1613 723 1823 767 oratione
1859 739 1920 768 sc.
1961 725 2143 768 actione

433 803 637 863 aliquam
664 817 848 847 causam
873 799 1156 861 perorandi,
1178 799 1261 844 ubi
1287 799 1486 844 oratoris
1511 798 1707 844 artificia
1738 799 1884 860 magis
1913 801 2142 857 valerent,

432 894 571 939 quam
597 878 766 938 judicii
796 877 988 930 veritas;
1023 885 1184 921 contra
1216 876 1489 936 singillatim
1532 891 1731 935 quaeque
1771 877 1948 935 egisse,
1989 875 2035 920 h.
2074 891 2111 920 e.
2130 911 2141 932 ,

433 955 493 999 de
518 954 710 1016 singulis
748 969 894 1014 causae
926 952 1158 1012 capitibus
1173 985 1184 1007 ,
1207 950 1455 1011 productis
1478 950 1694 1008 testibus,
1717 951 1909 1008 litteris,
1947 950 2141 1011 aliisque

428 1031 594 1090 judicii
626 1029 970 1085 instrumenti53
1001 1028 1144 1090 idque
1171 1044 1269 1089 per
1297 1028 1450 1082 vices,
1479 1036 1681 1089 utraque
1710 1036 1844 1088 parte
1878 1028 2140 1073 alternatim

432 1108 606 1153 audita.

497 1185 765 1229 Numerum.
801 1185 874 1229 Sc.
903 1182 1086 1242 legibus
1109 1181 1450 1242 praescriptum.

472 1252 773 1321 ‹Praeposuia
799 1259 869 1304 Cf.
893 1260 1089 1312 TAc1·r.,
1119 1259 1291 1302 Annal.
1309 1292 1323 1313 ,
1351 1274 1450 1315 xrv,
1485 1257 1544 1302 28
1560 1288 1570 1297 .

498 1335 684 1381 Caninii
702 1335 863 1379 Rebili.
898 1333 1020 1378 Vide
1046 1332 1096 1376 in
1123 1333 1238 1377 Coes.
1254 1346 1274 1389 ‚⁴
1297 1349 1456 1378 Lxxvx.

493 1412 765 1473 Dignitatis.
789 1413 968 1470 Repete
991 1411 1222 1454 nonnullis
1252 1426 1277 1455 e
1300 1410 1620 1470 sequentibus.

495 1491 602 1535 Cap.
642 1489 773 1533 XVI.
812 1488 1124 1547 Excogitavit.
1166 1489 1276 1532 Post
1322 1487 1467 1532 Urbis
1503 1486 1788 1533 incendium.
1836 1488 1906 1534 Cf.
1947 1491 2143 1545 TAcx'r„

428 1568 602 1610 Annal.
622 1599 635 1620 ,
662 1580 740 1621 XV,
775 1563 848 1616 43.
1555 1621 1557 1623 -

493 1640 688 1700 Afflicti.
714 1640 897 1684 Primus
923 1630 1051 1685 Nero
1077 1639 1352 1685 christianos
1377 1640 1617 1700 suppliciis
1640 1638 1827 1698 afflixit,
1849 1647 1965 1686 teste
1981 1641 2143 1699 Oros,

426 1734 499 1762 vn
516 1753 529 1776 ,
565 1734 606 1775 7.
760 1758 763 1760 .
1452 1738 1454 1741 ’

494 1796 759 1856 Suppliciis.
785 1795 933 1840 Tacit.
949 1829 962 1852 ,
990 1797 1194 1848 Annal.,
1225 1811 1301 1851 xv,
1331 1800 1388 1848 44
1420 1811 1430 1838 :
1458 1815 1476 1834 «
1494 1794 1802 1839 Pereuntibus
1830 1793 1988 1840 addita
2010 1795 2140 1840 ludi-

426 1871 553 1929 bria,
581 1880 635 1916 ut
665 1871 869 1916 ferarum
907 1872 1049 1933 tergis
1083 1870 1323 1930 contecti,
1351 1871 1528 1914 laniatu
1564 1885 1733 1914 canum
1751 1870 2033 1927 interirent,
2063 1880 2143 1916 aut

427 1948 642 1994 crucibus
672 1946 823 2004 affixi,
869 1956 949 1992 aut
987 1945 1286 2003 flammandi,
1322 1954 1495 2006 atque,
1528 1946 1615 1991 ubi
1649 1946 1911 1991 defecisset
1937 1946 2059 2003 dies,
2093 1947 2144 1992 in

429 2040 563 2069 usum
586 2023 810 2068 nocturni
833 2022 1022 2067 luminis
1046 2032 1310 2067 urerentur.
1338 2042 1357 2061 ιι

491 2103 746 2161 Relegatoe.
775 2099 949 2157 Tacit.,
973 2101 1176 2152 AnnaL,
1203 2115 1324 2156 xur,
1351 2098 1409 2142 25
1438 2113 1450 2142 :
1476 2120 1495 2139 «
1515 2098 1736 2144 Discordi
1757 2101 1940 2159 populo
1973 2109 2019 2145 et
2033 2116 2143 2164 gra-

423 2176 568 2221 vioris
585 2184 738 2220 motus
761 2184 942 2239 terrore
956 2210 968 2233 ,
993 2191 1092 2220 non
1116 2175 1243 2219 aliud
1266 2174 1524 2220 remedium
1546 2184 1785 2235 repertum
1809 2184 1876 2221 est
1892 2212 1904 2234 ,
1929 2192 2072 2237 quam
2086 2186 2140 2222 ut

424 2251 671 2296 histriones
696 2251 828 2299 Italia
858 2251 1212 2310 repellerentur.
1236 2271 1254 2290 »

493 2329 601 2372 cip.
627 2329 780 2372 XVII.
818 2329 1043 2372 Pertusae.
1067 2328 1138 2372 Ἠ.
1170 2343 1209 2371 e.
1238 2317 1519 2388 peffomtce.
1546 2330 1673 2373 Paul.
1712 2330 1934 2385 Sentent.,
1961 2346 2007 2386 v,
2040 2328 2099 2374 25
2128 2348 2139 2374 :
2204 2363 2209 2369 .

425 2424 449 2445 α
475 2402 797 2463 Amplissimus
822 2403 944 2449 ordo
977 2403 1209 2462 decrevit,
1248 2419 1323 2448 eas
1353 2404 1560 2460 tabulas,
1584 2420 1687 2463 quae
1721 2404 1902 2463 publici
1929 2406 2003 2449 vel
2035 2406 2140 2464 pri-

422 2481 518 2525 vati
550 2488 816 2525 contractus
858 2479 1140 2539 scripturam
1183 2480 1451 2536 continent,
1492 2480 1711 2525 adhibitis
1745 2480 1939 2534 testibus
1975 2480 2040 2526 ita
2069 2482 2136 2526 si-

425 2557 584 2618 gnari,
622 2565 674 2602 ut
709 2558 759 2601 in
793 2572 972 2602 summa
1005 2557 1247 2618 marginis,
1284 2559 1352 2602 ad
1384 2558 1585 2602 mediam
1614 2566 1806 2617 partem
1837 2556 2132 2617 perforatae,

423 2633 597 2692 triplici
629 2633 728 2678 lino
765 2633 1164 2693 constringantur,
1193 2642 1334 2693 atque
1364 2620 1636 2692 impositum
1669 2649 1812 2693 supra
1847 2633 1995 2677 linum
2021 2648 2135 2685 cerae

422 2710 552 2768 signa
577 2709 919 2768 imprimantur,
956 2718 1010 2754 ut
1046 2708 1301 2754 exteriores
1335 2709 1576 2768 scripturae
1605 2708 1744 2754 fidem
1780 2708 1995 2753 interiori
2029 2724 2130 2754 ser-
2168 2715 2171 2717 ’

421 2795 546 2831 vent.
574 2787 720 2831 Aliter
740 2787 937 2846 prolatae
958 2785 1076 2831 nihil
1097 2785 1324 2830 momenti
1344 2786 1532 2831 habent.

493 2862 766 2923 Signaturis.
806 2864 866 2907 H.
896 2878 935 2906 e.
962 2862 1183 2919 testibus,
1216 2863 1299 2922 qui
1333 2861 1559 2922 signaturi
1593 2870 1770 2918 essent,
1798 2877 1963 2905 vacuoe
1992 2861 2132 2905 here—

424 2940 532 2983 dum
555 2939 824 2986 nominibus
849 2940 1218 2997 ostenderentur,
1235 2957 1356 3001 quos
1377 2955 1514 2986 nosse
1538 2940 1723 2985 testium
1746 2955 1845 2984 non
1864 2940 2099 2984 intererat.

488 3018 765 3061 Mercedem.
813 3018 988 3062 Contra
1030 3019 1180 3078 legem
1217 3017 1452 3075 Ciuicam,
1491 3017 1551 3062 de
1589 3033 1683 3078 qua
1720 3016 1890 3072 Tacit.,
1926 3019 2127 3068 Annal„

422 3108 498 3149 xx,
534 3088 560 3137 5
600 3108 613 3137 :
653 3112 673 3132 «
700 3093 1006 3155 Consurgunt
1029 3103 1212 3154 patres,
1249 3095 1496 3156 legemque
1525 3094 1731 3140 Cinciam
1768 3091 2004 3155 flagitant,
2035 3108 2129 3153 qua

421 3177 614 3213 cavetur
648 3169 905 3230 antiquitus
939 3186 998 3216 ne
1041 3170 1146 3230 quis
1178 3170 1242 3216 ob
1279 3186 1463 3216 causam
1495 3170 1718 3215 orandam
1750 3168 1996 3229 pecuniam
2035 3157 2124 3211 do-

420 3260 592 3289 numve
618 3245 828 3304 accipiat.
850 3266 874 3287 »
