2372 3918
470 227 561 272 328
871 224 1060 270 NOTAE
1096 222 1164 267 IN
1198 222 1540 267 VARIORUM
1576 187 1777 267 vrrAs}

1049 396 1178 433 AULI
1222 393 1403 431 PERsn
1449 396 1595 432 VITA.

535 528 688 571 Natus
711 535 791 569 est.
828 527 885 568 A.
911 523 968 568 U.
998 522 1106 580 787.

533 601 755 646 Decessit.
781 601 838 644 A.
862 600 921 644 U.
952 598 1060 643 815.

538 678 733 723 Cornuti.
758 678 830 721 De
854 690 951 735 quo
975 674 1141 719 Suidas
1166 690 1177 717 2
1202 673 1240 722 ὁ
1262 686 1478 738 Κορνοῦτος
1503 682 1710 730 Λεπτίτης
1732 684 1976 740 φιλόσοφος...
2002 687 2177 742 Γεγονὼς
2241 664 2244 666 ¹

471 763 507 803 ἐν
531 752 654 818 ῥώμῃ
672 758 739 802 ἐπὶ
761 759 958 815 Νέρωνος,
990 756 1062 799 καὶ
1087 758 1162 814 πρὸ
1187 758 1331 808 αὑτοῦ,
1364 755 1576 814 ἀναιρεθεὶς
1595 756 1663 799 σὺν
1687 763 1745 814 τῷ
1777 759 2011 817 Μουσονίῳ,
2036 761 2182 818 ἔγραψε

470 835 520 879 δὲ
552 828 683 879 πολλὰ
717 834 908 891 φιλόσοφοί
938 849 983 875 τι
1016 832 1084 875 καὶ
1114 833 1313 890 ῥητορικά.

538 908 599 950 In
613 903 973 966 philosophiam
996 912 1075 946 est.
1115 901 1253 947 Unde
1272 912 1536 963 proeceptor
1555 902 1709 947 Persii
1739 904 1974 949 Cornutus
2013 905 2184 951 dicitur

473 983 520 1026 in
552 980 722 1027 Euseb.
752 979 920 1024 Chron.
946 977 1005 1022 ad
1029 992 1137 1022 ann.
1166 976 1307 1023 2083.

535 1059 752 1104 Bassum.
783 1054 861 1099 Ad
895 1054 1029 1099 illum
1058 1054 1246 1099 satiram
1278 1063 1456 1099 sextam
1489 1053 1651 1099 scribit
1679 1055 1879 1102 Persius.
1913 1059 1984 1103 De
2016 1061 2184 1119 Basso,

473 1134 691 1195 Quintil„
718 1130 871 1176 Instit.
889 1163 904 1184 ‚
938 1145 970 1175 x
986 1165 998 1187 ‚
1037 1147 1055 1175 1
1096 1147 1106 1174 ε
1146 1150 1166 1171 «
1182 1131 1230 1176 Si
1253 1146 1392 1191 quem
1417 1129 1623 1189 adjicere
1655 1132 1794 1191 velis,
1826 1134 1864 1177 is
1893 1135 1982 1179 erit
2013 1136 2183 1183 Caesius

473 1216 638 1258 Bassus
652 1244 666 1267 ‚
694 1222 836 1268 quem
860 1221 1011 1265 nuper
1034 1206 1251 1268 vidimus.
1270 1225 1294 1247 κ
1838 1213 1840 1216 ·

545 1286 806 1333 Tricesimo.
833 1284 982 1326 Immo
1006 1280 1224 1327 vicesimo
1253 1292 1436 1328 octavo.

539 1365 640 1408 Rex
661 1360 814 1406 habet.
840 1359 932 1404 Sat.
959 1375 976 1402 1
992 1393 1004 1415 ,
1034 1375 1053 1401 1
1069 1374 1138 1415 17.

1326 1483 1370 1519 o
1767 1446 1833 1489 E.
1865 1446 2045 1492 GROS.

1247 1999 1424 2037 FINIS.
