2372 3918
757 273 824 318 IN
861 271 1001 318 OCT.
1038 270 1409 316 AUGUSTUM.
1870 282 1960 328 ¹99

288 370 474 415 Ladios.
506 370 564 416 Η.
597 384 637 415 e.
662 369 919 414 saltatores.
945 363 1114 423 Ovid„
1143 366 1244 411 An.
1268 380 1392 421 am.,
1421 381 1466 421 1,
1505 380 1522 408 1
1540 380 1592 408 ω
1627 381 1638 410 :

395 488 545 531 Ludius
563 496 757 543 aequatam
776 494 837 528 ter
856 485 959 542 pede
983 486 1115 541 pulsat
1134 484 1315 527 humum.

294 606 591 666 Aretalogos.
619 603 764 650 Erant
785 599 1061 663 philosophi
1084 600 1169 661 qui
1182 634 1196 658 ,
1230 616 1381 662 quum
1405 607 1660 647 sectatores
1692 613 1793 645 non
1814 598 1966 644 habe-

221 691 350 740 rent,
374 680 591 728 convivia
625 680 876 725 beatorum
900 677 1294 739 frequentabant,
1319 686 1366 723 et
1395 686 1583 724 saturos
1604 676 1748 724 variis
1781 675 1843 723 de
1863 676 1966 722 vir-

221 769 322 806 tute
346 768 394 806 et
424 758 541 806 vitio
565 754 968 819 disputationibus
1000 755 1317 802 delectabant.
1342 757 1445 803 Hos
1474 756 1777 802 circulatores
1791 754 1968 817 philo-

222 838 397 899 s‘ophos
425 835 642 883 nominat
662 835 823 881 Senec.
839 869 853 893 ‚
875 834 1032 895 Epist.
1058 849 1190 880 xxtx.
1229 834 1301 881 Cf.
1322 836 1527 892 Juvnn„
1557 850 1644 893 xv,
1680 834 1738 881 16
1767 851 1779 880 ε

401 988 411 999 .
435 987 447 998 .
472 988 484 999 .
508 988 520 998 .
543 955 690 1006 Bilem,
715 963 784 996 aut
806 953 929 996 risum
953 953 1115 996 fortasse
1135 955 1371 1010 quibusdam

397 1029 579 1067 Moverat
591 1055 603 1076 ,
623 1034 669 1067 ut
679 1025 860 1070 mendax
883 1025 1133 1079 Aretalogus.

290 1120 400 1165 Cu».
429 1119 628 1164 LXXV.
664 1116 1047 1178 Pmsuscksime...
1072 1116 1371 1177 joculariter.
1407 1118 1444 1163 1.
1478 1133 1518 1163 e.
1544 1117 1752 1163 maximo
1786 1125 1972 1174 sumtu,

223 1211 366 1258 quem
378 1204 536 1243 tamen
544 1211 892 1258 nonnunquam
907 1195 957 1242 in
966 1195 1199 1257 jocularia
1215 1204 1399 1243 tantum
1409 1195 1761 1258 profundebat,
1777 1202 1973 1242 notante

224 1274 292 1319 Cl.
321 1275 465 1320 Hase.

299 1352 484 1397 Titulis.
531 1353 628 1411 Qui
667 1355 950 1414 plerumque
998 1350 1184 1415 a-liquid
1242 1350 1395 1412 turpis
1433 1349 1693 1410 haberent,
1732 1359 1974 1412 tamquam

222 1428 323 1490 ipsa
352 1429 498 1475 verba
523 1431 704 1487 cilicia,
731 1430 988 1491 spongias,
1013 1429 1232 1475 rutabula
1266 1436 1314 1474 et
1331 1425 1555 1490 sot-cipes
1566 1461 1583 1484 ,
1607 1426 1659 1473 in
1682 1427 1859 1489 quibus
1883 1427 1976 1474 ob-

223 1520 364 1552 scena
397 1508 511 1552 latet
540 1506 838 1571 significatio.
867 1506 1093 1568 Spongia·
1122 1504 1249 1553 enim
1283 1512 1332 1551 et
1373 1506 1621 1562 rutabula,
1659 1503 1714 1551 id
1747 1519 1848 1567 quo
1883 1504 1977 1551 viri

224 1600 387 1630 sumus
410 1586 596 1631 occulte
620 1583 913 1648 significant3
938 1584 1095 1630 cilicia
1121 1592 1168 1630 et
1183 1583 1405 1645 forcipes
1428 1590 1645 1645 spectant
1667 1582 1730 1630 ad
1751 1581 1977 1643 feminas,

223 1677 429 1707 venereo
463 1678 618 1708 sensu.

291 1740 796 1800 Inaequalem-imarum.
819 1742 879 1788 H.
905 1757 945 1788 e.
973 1740 1150 1788 diversi
1178 1739 1341 1803 pretii.

298 1815 566 1862 Vemlc'tare.
613 1818 819 1864 Solenne
860 1818 950 1865 fuit
993 1818 1125 1880 apud
1165 1827 1347 1865 veteres
1387 1817 1437 1863 in
1484 1816 1707 1863 convivio
1755 1817 1979 1863 convivas

225 1893 621 1940 factalicitatione
645 1895 934 1955 exhilarare,
958 1905 1074 1943 teste
1099 1895 1299 1956 Athea,
1323 1911 1450 1954 1111,
1473 1911 1523 1957 p.
1549 1895 1643 1953 607
1673 1912 1683 1939 ε
1708 1897 1789 1944 Εἶθ’
1813 1902 1975 1961 ὕστερον

222 1982 482 2037 πωλουμένης
502 1984 574 2029 τῆς
601 1976 839 2039 αὐλητρίδος
861 1979 1062 2040 (καθάπερ
1091 1982 1174 2030 ἔθος
1205 1983 1313 2024 ἐστιν
1340 1981 1378 2024 ἐν
1411 1982 1494 2030 τοῖς
1521 1981 1661 2029 πότοις
1686 1978 1908 2038 γίνεσθαι),
1939 1981 1977 2023 ἂν

223 2062 298 2114 τῷψ
316 2057 525 2115 ἀγοράζειν
548 2058 656 2100 πάνυ
676 2060 886 2110 νεανίσκος
909 2058 956 2107 ἦν
981 2076 1019 2103 κ.
1047 2077 1088 2102 τ-
1112 2066 1151 2101 λ.

293 2129 473 2173 Lectos.
499 2130 679 2188 Nempe
705 2129 1015 2175 convivarum
1039 2145 1239 2178 mensas.

295 2206 407 2250 Cn.
446 2206 669 2251 LXXVI.
713 2199 866 2252 ,Manuv
891 2223 1129 2269 pressum.
1170 2207 1280 2254 Scil.
1326 2209 1541 2263 mollem,
1589 2205 1981 2271 distinguendum

228 2282 422 2344 quidem
446 2299 473 2329 a
505 2284 736 2328 veteribus
769 2293 817 2330 et
838 2286 1003 2330 aridis.
1035 2285 1107 2332 Cf.
1133 2287 1293 2331 Bmuu.
1320 2292 1368 2331 et
1393 2287 1612 2343 Coum„
1640 2300 1706 2343 11,
1745 2300 1763 2329 1
1779 2301 1818 2330 1.

295 2361 445 2405 Ficos.
473 2360 616 2418 Plin.‚
660 2363 716 2407 H.
758 2363 845 2417 Ν.,
876 2378 983 2421 xv1,
1021 2377 1081 2421 27
1126 2379 1135 2407 :
1178 2383 1196 2403 α
1218 2363 1342 2408 Sunt
1380 2370 1428 2407 et
1453 2360 1616 2408 biferae
1651 2359 1702 2407 in
1738 2360 1940 2407 ficubus.
1962 2380 1981 2401 ›-

227 2441 447 2495 Coum„
479 2453 536 2496 x,
565 2439 658 2492 403
685 2456 696 2484 :

401 2549 515 2589 Tunc
531 2562 686 2603 praecox
711 2549 839 2591 bifera
858 2550 1065 2592 descendit
1089 2550 1140 2592 ab
1165 2550 1311 2591 arbore
1335 2549 1448 2591 ficus.

296 2652 379 2696 Ex
411 2652 552 2711 regia.
596 2656 822 2711 Quaenam
861 2654 920 2700 sit
958 2655 1037 2700 illa
1074 2653 1205 2717 regia
1224 2689 1237 2712 ,
1274 2663 1438 2699 utrum
1476 2653 1643 2699 Numae
1668 2651 1807 2712 juxta
1836 2651 1983 2697 aedem

230 2730 383 2775 Vestae
398 2747 421 2787 ,·
442 2745 503 2775 an
526 2731 660 2794 regia
683 2734 808 2796 regis
841 2749 1087 2780 sacrorum
1101 2768 1114 2791 ‚
1139 2733 1390 2779 incertum.

301 2807 519 2853 Sabbatc‘s
532 2808 777 2868 jejunium.
809 2811 1027 2857 Sabbatis
1058 2810 1298 2872 jejunium
1330 2809 1785 2869 servabant-ludaei,
1812 2808 1851 2855 si
1871 2808 1984 2853 sab-

234 2885 394 2930 batum
429 2900 519 2946 pro
541 2887 846 2935 hebdomade
870 2889 1181 2951 accipiamus3
1207 2888 1302 2946 sin,
1327 2897 1381 2934 ut
1405 2890 1551 2948 solet,
1575 2887 1636 2934 de
1671 2887 1874 2950 septimo
1907 2884 1987 2932 die

233 2962 547 3010 hebdomadis
580 2964 917 3028 intelligamus,
952 2968 1149 3014 omnino
1190 2968 1359 3013 falsum
1397 2975 1467 3014 est
1517 2970 1580 3013 At
1617 2982 1772 3028 quum
1817 2964 1878 3012 ab
1920 2961 1987 3010 eis

230 3040 395 3086 crebra
442 3043 662 3102 usurpari
691 3043 873 3104 jejunia
910 3044 1086 3092 scirent
1119 3044 1326 3091 Romani
1370 3052 1417 3091 et
1447 3043 1497 3090 in
1533 3044 1701 3106 primis
1735 3043 1986 3091 sabbatum

229 3118 287 3162 ab
320 3117 486 3163 iisdem
510 3120 769 3181 celebrari,
792 3122 843 3169 id
879 3123 969 3171 sibi
997 3133 1174 3170 temere
1198 3130 1542 3185 persuaserant.
1572 3122 1691 3168 Inde
1719 3136 1855 3185 error
1880 3121 1987 3168 Au—

228 3195 355 3255 gusti
387 3211 444 3241 ex
468 3194 735 3259 ignorantia
758 3215 946 3249 morum
971 3200 1076 3262 ejus
1097 3201 1263 3266 gentis.
1294 3201 1474 3248 Eodem
1499 3199 1648 3246 modo
1670 3197 1987 3246 hallucinatus

234 3280 302 3317 est
327 3273 496 3320 sustin.
512 3310 525 3332 ,
550 3291 698 3321 xxxvr
713 3312 725 3333 ,
762 3292 805 3323 2.
