2372 3918
381 241 385 244 ’
431 277 520 324 168
1105 280 1150 325 C.
1189 280 1477 326 sus'romn

426 394 481 438 et
510 393 656 438 veste
685 381 879 461 longa,
910 383 1160 440 noctibus
1191 383 1396 457 obiret,
1430 404 1493 439 ac
1523 380 1761 439 scenicas
1789 380 2015 437 saltandi
2045 404 2131 438 ca-

425 481 697 558 nendique
739 494 881 538 artes
923 482 1315 540 studiosissime
1349 492 1667 560 appeteret3
1710 479 1863 537 facile
1899 479 1955 535 id
1998 501 2129 536 sane

423 581 642 638 Tiberio
684 582 957 658 patiente,
993 583 1037 637 si
1071 603 1170 659 per
1208 582 1307 638 has
1348 582 1693 638 mansuefieri
1739 592 1918 657 posset
1952 580 2128 636 ferum

424 681 541 758 ejus
589 682 868 760 ingenium
892 725 907 754 ‚
955 680 1104 757 quod
1153 682 1529 760 sagacissimus
1574 702 1739 738 senex
1783 681 1860 737 ita
1904 701 2130 758 prorsus

423 794 773 858 perspexerat
791 823 806 853 ,
836 793 899 836 ut
934 779 1218 859 aliquoties
1251 780 1600 859 praedicaret,
1632 805 1660 834 «
1686 781 1851 837 exitio
1882 801 1982 837 suo
2011 801 2130 837 om-

423 879 686 956 niumque
723 880 920 937 Caium
955 880 1176 936 vivere:
1205 904 1233 933 ι)
1268 893 1352 954 et,
1387 905 1415 935 <c
1442 902 1501 939 se
1533 882 1800 938 natricem
1833 878 2129 959 [serpentis

424 978 479 1033 id
510 978 711 1058 genus]
740 978 949 1058 populo
988 1000 1245 1051 roman0,
1272 981 1671 1038 Phaethontem
1703 981 1825 1038 orbi
1855 992 2130 1037 terrarum

421 1078 670 1137 educare.
702 1105 729 1133 n
1002 1079 1005 1081 ’

502 1182 628 1236 XII.
655 1182 783 1238 Non
805 1181 882 1237 ita
905 1180 1079 1237 multo
1099 1193 1222 1260 post
1241 1184 1271 1238 J
1275 1182 1462 1238 uniam
1482 1178 1834 1254 Claudillam,
1852 1184 1931 1238 M.
1956 1178 2127 1238 Silani

423 1277 745 1336 nobilissimi
777 1281 881 1335 viri
910 1279 1110 1353 filiam,
1147 1279 1302 1336 duxit
1339 1300 1583 1337 uxorem.
1615 1280 1829 1336 Deinde
1859 1300 2037 1358 augur
2072 1280 2129 1335 in

422 1377 604 1434 locum
631 1378 814 1434 fratris
841 1380 924 1434 sui
954 1380 1124 1434 Drusi
1158 1379 1460 1435 destinatus
1478 1421 1494 1449 ,
1522 1379 1675 1455 prius
1704 1398 1867 1454 quam
1897 1379 2130 1455 inaugu-

423 1489 657 1550 raretur,
690 1476 760 1533 ad
789 1477 1170 1554 pontificatum
1197 1477 1479 1533 traductus
1509 1488 1626 1534 est:
1656 1478 1855 1555 insigni
1888 1478 2130 1534 testimo-

422 1577 516 1632 nio
558 1577 772 1653 pietatis
812 1589 977 1653 atque
1015 1575 1245 1648 indolis,
1287 1598 1491 1653 quum,
1534 1575 1746 1634 deserta
1781 1574 2131 1653 desolataque

422 1675 646 1753 reliquis
671 1675 924 1733 subsidiis
952 1675 1102 1749 aula,
1127 1677 1323 1753 Sejano
1348 1676 1506 1750 hoste
1535 1689 1668 1733 tunc
1695 1688 1974 1754 suspecto,
2003 1697 2131 1731 mox

422 1787 476 1831 et
501 1796 787 1853 oppress0,
806 1775 876 1831 ad
897 1796 1045 1853 spem
1070 1777 1431 1832 successionis
1444 1774 1708 1853 paulatim
1724 1775 2129 1831 admoveretur.

422 1875 604 1947 Quam
640 1895 750 1952 quo
780 1875 956 1955 magis
993 1866 1340 1932 confirmaret
1359 1917 1375 1948 ,
1411 1876 1605 1931 amissa
1638 1875 1801 1931 Junia
1833 1895 1898 1931 ex
1931 1874 2092 1951 partu
2114 1918 2130 1945 ,

422 1975 658 2032 Enniam
690 1976 962 2046 Naeviam,
989 1975 1267 2031 Macronis
1296 1994 1552 2046 uxorem,
1581 1976 1677 2050 qui
1702 1986 1821 2031 tum
1851 1974 2132 2051 praetoria-

424 2075 508 2132 nis
537 2075 851 2132 cohortibus
880 2087 1140 2152 praeerat,
1169 2073 1479 2132 sollicitavit
1510 2074 1580 2130 ad
1609 2087 1859 2152 stuprum
1876 2117 1891 2146 ,
1918 2073 2132 2150 pollici-

423 2186 511 2231 tus
545 2186 599 2230 et
638 2176 1050 2231 matrimonium
1086 2195 1275 2246 suum,
1309 2175 1354 2230 si
1388 2170 1596 2252 potitus
1630 2174 1866 2253 imperio
1892 2172 2081 2230 fuisset
2114 2195 2129 2230 t

423 2273 599 2349 deque
630 2294 693 2331 ea
731 2294 801 2330 re>
832 2286 886 2330 et
918 2259 1311 2351 jurejurandO,
1343 2286 1399 2329 et
1434 2274 1801 2353 chirographo
1837 2274 1998 2330 cavit.
2028 2277 2133 2329 Per

421 2373 564 2430 hanc
603 2375 912 2431 insinuatus
950 2375 1235 2447 Macroni,
1280 2374 1493 2430 veneno
1523 2374 1804 2432 Tiberium
1848 2393 2132 2451 aggressus

423 2485 536 2545 est,
579 2486 643 2530 ut
683 2474 907 2551 quidam
948 2459 1291 2551 opinantur:
1327 2473 1663 2550 spirantique
1704 2473 1882 2528 adhuc
1922 2473 2132 2529 detrahi

424 2571 718 2645 annulum,
742 2585 821 2643 et,
844 2573 1102 2648 quoni-am
1120 2572 1480 2650 suspicionem
1498 2573 1783 2628 retinentis
1801 2571 1989 2645 dabat,
2012 2572 2132 2651 pul-

423 2672 611 2727 vinum
639 2672 802 2748 jussit
836 2672 1018 2748 injici,
1062 2684 1226 2748 atque
1264 2673 1426 2728 etiam
1467 2672 1652 2730 fauces
1684 2694 1853 2730 manu
1895 2695 1991 2730 sua
2034 2695 2132 2751 op-

422 2772 642 2848 pressit,
666 2770 890 2844 liberto,
916 2772 1009 2848 qui
1041 2772 1112 2828 ob
1142 2774 1482 2829 atrocitatem
1509 2773 1767 2830 facinoris
1794 2772 2129 2831 exclamave-

422 2883 539 2943 rat,
565 2871 846 2927 confestim
878 2872 935 2927 in
966 2893 1186 2928 crucem
1212 2885 1355 2929 acto.
1381 2858 1497 2932 Nec
1527 2874 1785 2930 abhorret
1811 2895 1843 2930 a
1870 2875 2128 2946 veritate,

422 2992 595 3047 quum
625 2972 735 3026 sint
764 2970 988 3048 quidam
1019 2983 1266 3029 auctores
1285 3015 1300 3044 ‚
1328 2973 1507 3050 ipsum
1541 2986 1757 3051 postea,
1786 2975 1886 3030 etsi
1917 2994 2026 3029 non
2064 2972 2130 3028 de

425 3070 695 3146 perfecto,
720 3083 778 3126 at
803 3083 950 3127 certe
981 3071 1048 3127 de
1079 3072 1319 3148 cogitato
1349 3072 1627 3147 quondam
1656 3073 1974 3151 parricidio,
1999 3093 2129 3148 pro-

425 3169 641 3225 fessum.
667 3169 978 3232 Gloriatum
1001 3152 1147 3226 enim
1169 3191 1284 3226 esse
1312 3172 1551 3245 assidue,
1573 3174 1630 3229 in
1655 3173 2131 3230 commemoranda

425 3290 520 3324 sua
550 3271 780 3346 pietate,
813 3295 839 3326 ιι
862 3271 931 3326 ad
962 3269 1324 3328 ulciscendam
1358 3293 1542 3328 necem
1573 3274 1758 3329 matris
1786 3285 1839 3328 et
1872 3273 2128 3343 fratrum,
