2372 3918
296 309 679 326 u--n—§mm
686 308 1580 325 mmmmm-munst·
1584 308 1935 325 mm
1940 310 2006 323 νισι.

886 508 888 510 ’
968 537 1326 625 NOTAE

668 751 759 817 IN
807 746 1284 819 VARIORUM
1329 748 1621 818 VITAS.

863 1290 913 1326 P.
962 1289 1232 1327 TERENTII
1275 1290 1430 1326 VITA.

344 1393 507 1440 CAPUT
530 1394 569 1439 1.
593 1395 874 1439 Fenestella.
896 1392 1214 1439 Historiarum
1244 1393 1462 1453 scriptor,
1491 1393 1550 1439 de
1575 1408 1674 1454 quo
1698 1392 1808 1439 vide
1835 1394 1980 1439 LAcr.
1997 1428 2011 1451 ,

275 1470 335 1515 de
357 1471 491 1515 Fals-
517 1472 599 1516 rel.
613 1504 629 1526 ,
663 1486 708 1527 1,
726 1469 783 1529 63
809 1470 985 1516 Smuzc.
1005 1505 1018 1527 ‚
1044 1470 1201 1531 Epist.
1231 1468 1322 1515 108
1336 1488 1349 1528 ;
1364 1472 1615 1528 anon„
1638 1469 1849 1525 Satura„
1870 1485 1910 1529 1,
1931 1485 1988 1515 10
2001 1486 2014 1527 3

279 1547 490 1593 Cnuson.
506 1583 520 1607 ‚
556 1549 617 1593 de
653 1548 748 1594 Die
775 1557 901 1604 nat„
938 1563 1062 1594 xxu.
1097 1546 1284 1594 Obiisse
1313 1547 1562 1608 novissimo
1601 1547 1778 1592 Tiberii
1810 1546 2012 1592 Coesan’s

274 1625 542 1685 pn'nczpatu
566 1624 684 1671 dicit
706 1624 851 1683 Plin.,
882 1626 942 1670 H.
967 1625 1056 1682 N.;
1081 1640 1244 1670 xxxnr
1260 1659 1273 1682 ,
1302 1640 1345 1671 2.
1372 1625 1442 1670 Cf.
1474 1626 1611 1671 Voss.
1627 1658 1641 1682 ,
1661 1626 1722 1670 de
1745 1625 1869 1680 msc,
1894 1627 1976 1670 lat.
1995 1659 2010 1680 ‚

278 1717 324 1759 1,
361 1718 443 1762 19,
468 1710 515 1749 et
538 1704 784 1760 Graan„
817 1703 878 1747 de
900 1703 1029 1747 Poet.
1055 1703 1172 1746 dial.
1188 1735 1204 1757 ‚
1237 1718 1312 1747 xn.

341 1780 466 1824 Dum
490 1781 744 1825 lasciviam.
771 1779 872 1826 Hos
901 1794 1064 1826 versus
1085 1778 1152 1824 ita
1183 1777 1376 1824 refinxit
1398 1778 1602 1826 Wolfius
1631 1796 1641 1823 :

452 1898 558 1937 Dum
583 1894 782 1937 lasciviam
805 1903 845 1936 et
867 1894 1005 1936 laudes
1026 1893 1178 1936 fucosas
1201 1895 1302 1949 petit
1326 1908 1337 1936 z

449 1968 556 2006 Dum
577 1964 759 2007 Africani
784 1978 922 2006 vocem
944 1964 1122 2006 divinam
1144 1964 1274 2008 inhiat
1298 1966 1422 2006 avidis
1445 1965 1608 2007 auribus
1633 1981 1643 2003 ι

447 2037 556 2075 Dum
576 2047 619 2074 se
640 2034 692 2075 ad
716 2033 880 2075 Furium
905 2046 1062 2075 coenare
1086 2041 1125 2076 et
1148 2035 1311 2075 Laelium
1337 2035 1546 2089 pulchrum
1570 2042 1684 2090 putat
1709 2051 1718 2072 ι

447 2105 557 2143 Dum
580 2116 623 2143 se
645 2103 770 2144 amari
795 2103 848 2144 ab
873 2103 986 2144 hisce
1010 2104 1161 2154 credit,
1187 2104 1329 2145 crebro
1354 2105 1398 2145 in
1422 2105 1628 2145 Albanum
1654 2105 1741 2158 rapi

450 2171 515 2213 Ob
538 2170 679 2212 florem
702 2172 827 2213 aetatis
852 2185 987 2216 suae....
1013 2172 1178 2227 ip·us....
1364 2161 1367 2169 ’

451 2240 541 2281 Suis
563 2240 705 2282 oblatis
729 2240 847 2283 rebus
872 2242 925 2282 ad
949 2255 1146 2283 summam
1173 2243 1357 2298 inopiam
1384 2243 1566 2284 redactus
1592 2251 1661 2284 est.

399 2329 402 2332 ·
451 2312 591 2364 Itaque
605 2322 629 2350 e
643 2318 858 2364 conspectu
875 2311 1056 2353 omnium
1074 2311 1270 2352 Graeciam
1286 2314 1356 2363 (an
1370 2313 1579 2372 GraeeiaeP)
1591 2313 1634 2354 in
1651 2321 1798 2353 terram
1810 2313 2013 2354 ultimam:

450 2381 633 2420 Mortuus
657 2386 718 2420 est
739 2379 783 2421 in
810 2381 1043 2435 Stymphale
1068 2380 1253 2423 Arcadiae
1280 2382 1433 2437 oppido
1458 2370 1470 2423 ὲ
1494 2382 1551 2423 nil
1576 2381 1739 2423 Publius

449 2447 583 2502 Scipio
607 2447 669 2489 illi
690 2448 868 2503 profuit,
891 2450 948 2490 nil
976 2449 1140 2499 Laelius,
1165 2451 1225 2491 nil
1247 2449 1409 2500 Furius,

451 2521 551 2559 Tres
572 2532 646 2574 per
667 2517 711 2559 id
734 2527 892 2574 tempus
915 2521 986 2574 qui
1008 2521 1213 2574 agitabant
1237 2522 1392 2563 nobiles
1414 2522 1612 2563 facillume
1637 2538 1647 2562 ε

454 2589 600 2629 Eorum
623 2587 690 2628 ille
712 2601 832 2642 opera
854 2601 907 2630 ne
932 2590 1096 2631 domum
1120 2591 1282 2645 quidem
1304 2591 1448 2633 habuit
1471 2591 1753 2633 conductitiam
1768 2621 1780 2640 ‚
1833 2600 1836 2602 ’

455 2657 601 2698 Saltem
627 2665 673 2698 ut
699 2666 799 2700 esset
825 2672 905 2712 quo
931 2659 1099 2702 referret
1123 2661 1280 2703 obitum
1303 2661 1460 2703 domini
1485 2662 1671 2703 servolus.

348 2775 455 2820 CA».
482 2776 545 2820 11.
577 2780 622 2822 A
647 2778 818 2823 Lcelio.
846 2778 943 2825 Cic‘.
978 2781 1049 2824 ad
1077 2782 1218 2826 Attio.
1233 2814 1250 2837 ‚
1278 2797 1380 2838 vu,
1407 2783 1434 2828 3
1461 2798 1472 2826 :
1506 2802 1526 2822 «ι
1551 2783 1750 2828 Secutus
1780 2798 1884 2827 sum
1915 2785 2015 2829 Te·-

276 2850 481 2895 rentium
510 2851 649 2910 cujus
673 2853 856 2900 fabellae
884 2866 1086 2917 propter
1110 2859 1390 2921 elegantiam
1421 2859 1648 2904 sermonis
1672 2859 1967 2920 putabantur
1991 2875 2019 2905 a

277 2930 327 2973 C.
352 2929 680 2995 Laelio-scribi.
699 2951 724 2973 >2

341 3005 574 3067 Scipione.
597 3010 669 3054 De
693 3010 774 3055 illo
791 3003 924 3057 *Velh
941 3047 953 3069 ,
978 3029 996 3058 1
1011 3049 1025 3071 ,
1065 3015 1121 3060 13
1157 3031 1167 3058 :
1198 3034 1222 3055 ιι
1246 3017 1363 3060 Tam
1396 3016 1585 3075 elegans
1608 3014 1877 3061 liberalium
1906 3025 2014 3061 stu-

275 3081 489 3143 diorum,
514 3086 760 3147 omnisque
785 3089 1010 3135 doctrinae
1039 3099 1087 3136 et
1120 3101 1288 3137 auctor
1329 3100 1376 3137 et
1398 3091 1658 3138 admirator
1684 3091 1801 3151 fuit,
1830 3101 1886 3138 ut
1913 3094 2012 3138 Po-

271 3160 479 3224 lybium,
502 3164 759 3210 Panaetium
774 3202 786 3224 ‚
818 3169 1136 3227 praecellentes
1158 3168 1352 3231 ingenio
1389 3170 1547 3227 viros,
1574 3170 1710 3215 domi
1735 3170 2013 3232 militiaeque

274 3252 433 3284 secum
454 3238 678 3286 hahuerit
689 3276 703 3298 ,
726 3257 912 3303 semper
926 3244 1051 3291 inter
1066 3260 1195 3291 arma
1211 3262 1265 3292 ac
1279 3247 1438 3292 studia
1452 3255 1676 3293 versatus.
1695 3267 1720 3289 n

227 3313 233 3323 ¹
344 3316 454 3362 Cn.
493 3317 577 3362 111.
613 3318 896 3378 Temporius.
929 3322 986 3366 H.
1019 3339 1056 3367 e.
1087 3323 1339 3381 maturius,
1362 3325 1437 3368 vel
1461 3324 1681 3382 celerius,
1711 3323 1835 3368 utin
1865 3325 2018 3370 Colu-
