2372 3918
623 536 848 610 CAII
907 537 1259 609 PLINII
1312 536 1590 610 VITA.

977 772 1244 787 α*

246 914 500 1020 Ruvms
530 959 853 1029 SECUNDUS,
892 956 1357 1030 Novocomensis,
1386 956 1733 1035 equestribus
1766 956 1981 1015 militiis

243 1059 512 1117 industrie
564 1057 814 1131 functuS,
860 1056 1278 1134 procurationes
1324 1077 1550 1135 quoque
1603 1056 1982 1136 splendidissi-

241 1181 390 1232 mas,
417 1171 579 1236 atque
606 1158 926 1228 continuas,
952 1177 1167 1215 summa
1195 1158 1513 1238 integritate
1542 1158 1948 1217 administravit
1965 1205 1980 1232 ,

241 1274 296 1318 et
344 1272 530 1317 tamen
580 1257 898 1315 liberalibus
943 1258 1139 1315 studiis
1183 1271 1396 1316 tantam
1433 1280 1664 1338 operam
1697 1258 1876 1333 dedit,
1920 1276 1981 1318 ut

240 1381 353 1418 non
394 1373 600 1418 temere
645 1359 769 1437 quis
807 1357 968 1437 plura
1016 1360 1072 1416 in
1112 1359 1228 1416 otio
1264 1360 1560 1438 scripserit.
1598 1363 1794 1438 Itaque
1836 1361 1981 1420 bella

241 1461 455 1534 omnia,
486 1480 607 1538 quae
639 1480 886 1537 unquam
928 1480 1056 1516 cum
1085 1461 1380 1517 Germanis
1410 1472 1563 1540 gesta
1593 1474 1748 1534 sunt,
1780 1462 1980 1541 viginti

245 1561 621 1619 voluminibus
645 1559 1082 1638 comprehendit.
1112 1563 1254 1618 Item
1288 1559 1575 1620 Naturalis
1602 1562 1859 1619 Historiae
1883 1565 1981 1620 tri·

241 1663 393 1742 ginta
443 1673 656 1740 septem
703 1658 877 1718 libros
921 1659 1175 1718 absolvit.
1223 1661 1396 1718 Periit
1439 1659 1594 1720 clade
1645 1666 1981 1743 Campaniae.

241 1766 387 1823 Nam
422 1782 595 1840 quum
630 1761 927 1818 misenensi
962 1759 1123 1819 classi
1154 1774 1444 1840 praeesset,
1475 1774 1532 1820 et
1559 1762 1830 1842 flagrante
1871 1768 1982 1822 Ve-

240 1884 370 1920 sevo
406 1862 478 1920 ad
528 1860 891 1940 explorandas
933 1862 1163 1940 propius
1209 1883 1404 1920 causas
1444 1861 1719 1921 liburnica
1754 1854 1979 1942 perten-

241 1962 444 2034 disset‚
492 1982 672 2040 neque
709 1961 1129 2020 adversantibus
1175 1963 1355 2021 ventis
1387 1984 1634 2021 remeare
1671 1978 1892 2043 posset,
1927 1969 1981 2023 vi

242 2063 484 2143 pulveris
517 2082 581 2120 ac
607 2061 808 2120 favillae
834 2083 1132 2142 oppressus
1159 2076 1273 2138 est3
1299 2062 1419 2134 vel,
1451 2076 1516 2122 ut
1545 2064 1774 2142 quidam
1806 2067 1984 2124 existi-

242 2176 425 2237 mant,
476 2184 509 2220 a
550 2183 709 2221 servo
754 2184 854 2221 suo
898 2165 1146 2239 occisuS,
1182 2186 1382 2242 quem,
1417 2164 1679 2223 deficiens
1709 2180 1846 2225 aestu
1867 2211 1883 2242 ,
1922 2181 1986 2226 ut

244 2286 435 2323 necem
468 2265 571 2322 sibi
604 2277 940 2340 maturaret,
973 2267 1229 2322 oraverit.
