2372 3918
449 343 461 369 ι
480 329 535 372 32
1216 328 1406 374 NOTAE

441 444 465 466 κ
490 424 796 484 Interpellent
825 438 922 483 quo
950 422 1104 469 minus
1133 424 1401 482 respublica
1434 438 1458 467 a
1489 438 1562 466 me
1586 423 1834 468 commode
1865 424 2180 472 administrari

438 500 601 560 possit.
627 519 652 542 n

507 579 569 623 1η
574 576 773 635 judicio.
799 580 960 636 Quum
978 577 1029 622 C.
1044 576 1303 626 Antonium
1329 576 1629 634 defenderet,
1646 586 1781 622 antea
1804 579 2031 640 collegam
2043 594 2181 624 suum

439 655 488 699 in
515 656 779 702 consulatu.

506 732 589 780 Ad
604 733 809 793 plebem.
828 735 878 777 P.
905 732 1100 777 Clodius
1124 746 1182 776 ex
1204 730 1402 791 patricia
1419 739 1558 792 gente
1583 731 1781 776 Claudia
1809 739 1943 776 ortus
1966 732 2181 778 tradide-

437 818 511 855 rat
540 825 588 855 se
618 809 945 869 adoptandum
968 811 1014 853 P.
1040 807 1239 854 Fonteio
1264 807 1399 866 cujus
1424 807 1597 853 familia
1619 808 1807 868 plebeia
1841 818 1953 854 erat.
1983 810 2181 868 Unsm„

438 887 572 931 Fam.
598 902 713 931 rom.
729 919 744 941 ‚
768 901 815 946 p.
856 892 957 941 114.

504 963 720 1008 Induxit.
746 963 822 1008 Sic
846 972 1040 1008 auctore
1056 958 1215 1021 'Hase3
1247 972 1301 1008 ut
1323 979 1439 1009 vero
1465 964 1607 1009 docet
1631 962 1758 1025 ipse,
1790 963 1938 1007 verba
1967 962 2182 1008 Suetonii

438 1055 578 1085 nemo
601 1039 859 1086 restituerit
882 1039 981 1085 sine
1013 1040 1235 1086 subsidiis
1265 1041 1420 1086 adhuc
1444 1041 1700 1100 irrepertis.

462 1154 464 1156 s
501 1118 864 1178 Produc-casque.
882 1117 1111 1178 Appiam,
1137 1120 1188 1163 B.
1214 1121 1288 1175 C.,
1321 1135 1391 1176 11,
1417 1135 1464 1179 p.
1498 1120 1590 1173 434
1618 1135 1628 1162 :
1655 1126 1838 1177 Οὐέτιος,
1858 1126 1954 1182 ἀνὴρ
1985 1119 2181 1182 δημότης,

440 1203 476 1251 ἐς
506 1202 552 1242 τὸ
584 1202 704 1258 μέσον
749 1198 966 1259 ἐσδραμὼν
1004 1201 1110 1259 μετὰ
1149 1198 1320 1259 ξιφιδίου
1357 1207 1532 1260 γυμνοῦ,
1564 1203 1865 1259 ἐπιπεμφθῆναι
1904 1203 1975 1258 ἔφη
2011 1203 2107 1259 πρός
2135 1219 2182 1244 τι

439 1275 587 1320 Βίῧὶωυ
602 1311 613 1330 ,
629 1277 698 1319 καὶ
720 1279 964 1334 Κικέρωνος,
984 1277 1054 1320 καὶ
1071 1279 1263 1328 Κάτωνος
1280 1281 1316 1328 ἐς
1340 1280 1541 1336 ἀναίρεσιν
1561 1279 1769 1335 Καίσαρός
1791 1295 1837 1320 τε
1863 1277 1934 1321 καὶ
1951 1278 2179 1335 Πομπηΐου

437 1354 508 1397 καὶ
531 1356 576 1397 τὸ
601 1350 768 1411 ξιφίδιον
789 1350 901 1411 αὐτῷ
921 1353 1065 1398 Βίὲλου
1100 1351 1325 1412 ῥαῧδοῦχον
1350 1353 1561 1398 ἐπιδοῦναι
1584 1357 1849 1412 Ποστούμιον.

508 1427 590 1471 Ex
615 1435 877 1485 compacto.
909 1425 1003 1470 Dio
1021 1460 1033 1483 ,
1056 1441 1278 1483 xxxv111‚
1303 1427 1365 1480 64
1405 1444 1415 1470 τ
1446 1436 1489 1475 ἐκ.
1511 1438 1873 1490 κατασκευασμοῦ.

512 1503 711 1548 Veneno.
738 1503 974 1548 Plutarch.
990 1538 1004 1562 ‚
1028 1502 1078 1546 in
1104 1505 1284 1547 Lucull.
1301 1537 1316 1558 ,
1347 1519 1395 1563 p.
1425 1504 1518 1549 520
1546 1518 1556 1545 :
1588 1511 1746 1566 Σημεῖα
1774 1510 1946 1566 ἀγχόνης
1976 1510 2048 1553 καὶ
2081 1518 2183 1558 πλη-

438 1593 518 1645 γῶν
545 1588 720 1643 ἔχοντος,
747 1582 880 1629 ἐδόκει
903 1590 1000 1644 παρ’
1035 1588 1165 1628 αὐτῶν
1197 1587 1419 1644 ἀνῃρῆσθαι
1443 1592 1522 1629 τῶν
1555 1588 1934 1643 παρεσκευακότων.

508 1658 618 1701 CAP.
656 1657 796 1701 XXI.
833 1658 1048 1701 Uxorem.
1087 1655 1209 1715 Dio,
1254 1672 1478 1714 XXXVIII,
1505 1655 1567 1702 63
1590 1671 1606 1727 ,²
1637 1660 1828 1712 Φοῧηθεὶς
1859 1665 1909 1713 ὡς
1942 1664 2013 1707 καὶ
2038 1665 2094 1722 μή
2142 1682 2183 1707 τι

411 1751 416 1793 g
441 1734 655 1799 Πομπήϊος
675 1742 711 1783 ἐν
734 1747 786 1796 τῇ
820 1741 1000 1798 ἀπουσίᾳ
1015 1742 1137 1783 αὐτοῦ
1164 1742 1394 1799 νεωτερίσῃ.
1458 1763 1459 1766 “
1627 1798 1634 1808 ¹

411 1873 414 1875 Δ
510 1812 806 1856 Sententiam.
849 1813 991 1868 Gell„
1024 1827 1101 1868 1v‚
1134 1826 1192 1855 10
1224 1827 1234 1855 :
1278 1831 1297 1851 «
1327 1810 1591 1856 Sententias
1629 1811 1834 1872 rogandi
1869 1812 1992 1857 ordo
2027 1812 2186 1857 varius
2223 1869 2227 1872 ἡ

440 1890 542 1935 fuit.
567 1889 694 1934 Alias
717 1889 899 1949 primus
932 1889 1219 1951 rogabatur,
1251 1889 1337 1949 qui
1370 1904 1397 1934 a
1424 1889 1699 1934 censoribus
1728 1888 1950 1949 princeps
1971 1890 2021 1934 in
2045 1905 2185 1935 sena-

440 1976 542 2011 tum
571 1968 720 2012 lectus
758 1967 933 2024 fuerat;
968 1967 1102 2023 alias,
1132 1966 1216 2026 qui
1240 1966 1474 2028 designati
1495 1967 1724 2019 *consules
1750 1976 1897 2011 erant.
1926 1966 2133 2024 Quidam
2159 1983 2185 2011 e

441 2044 712 2089 consulibus
737 2043 898 2089 studio
937 2053 1020 2088 aut
1050 2043 1327 2088 necessitate
1353 2042 1571 2100 adducti,
1602 2059 1744 2103 quem
1781 2042 1837 2088 iis
1874 2043 2027 2088 visum
2053 2052 2183 2101 erat,

439 2120 636 2166 honoris
649 2120 798 2183 gratia
813 2129 954 2166 *extra
979 2120 1198 2166 ordinem
1213 2120 1493 2165 sententiam
1515 2120 1725 2180 primum
1753 2122 2003 2182 rogabant.
2024 2141 2045 2162 »
2058 2121 2184 2166 Vide

369 2206 371 2209 ’
443 2213 640 2259 quoque
673 2198 809 2243 Thes.
843 2199 1024 2252 Groew,
1059 2206 1092 2241 t.
1120 2214 1164 2255 1,
1187 2213 1235 2257 p.
1267 2213 1379 2258 919.

516 2277 629 2320 Toto
649 2289 789 2320 anno.
815 2275 1081 2321 Casaubon.
1098 2274 1319 2336 intelligit
1335 2282 1436 2319 tota
1451 2283 1587 2335 parte
1612 2273 1724 2319 anni
1748 2289 1845 2335 qua
1861 2275 2078 2320 consules
2095 2274 2185 2320 de—

444 2352 613 2415 signati
638 2352 758 2397 nulli
781 2361 928 2398 erant.

509 2431 618 2475 CAP.
644 2431 809 2475 XXII.
835 2432 958 2491 Lege
982 2431 1182 2476 Vatinia.
1207 2432 1354 2476 Extra
1377 2439 1577 2487 sortem,
1609 2429 1708 2474 sine
1734 2429 1928 2475 decreto
1966 2437 2184 2487 senatus;

442 2507 590 2568 idque
635 2512 801 2553 contra
836 2509 988 2570 legem
1014 2508 1365 2568 Semproniam,
1406 2524 1504 2568 qua
1535 2508 1792 2553 cavebatur
1828 2516 1883 2552 ut
1926 2506 2184 2567 quotannis

441 2584 698 2646 provinciae
724 2584 1107 2631 decernerentur.
1122 2585 1246 2630 Hinc
1262 2585 1356 2630 Cic.
1388 2586 1435 2628 in
1459 2585 1504 2626 V
1501 2585 1614 2629 alin.
1627 2617 1641 2638 ‚
1667 2599 1698 2628 v
1716 2600 1727 2627 ε
1746 2605 1766 2626 «
1786 2584 2029 2644 eripueras
2044 2598 2183 2628 sena-

443 2661 513 2706 tui
534 2661 791 2722 provinciae
815 2661 1125 2707 decernendae
1147 2671 1432 2722 potestatem
1462 2678 1567 2722 sqq.
1587 2682 1606 2702 »

512 2740 753 2784 Alludens.
783 2739 930 2796 Quasi
958 2754 1048 2799 per
1067 2738 1246 2798 jocum.
1279 2738 1437 2802 Virg.,
1466 2740 1651 2784 AEneid.
1667 2773 1682 2794 ,
1714 2756 1817 2797 vn,
1849 2756 1936 2797 117
1974 2755 1986 2783 z

620 2857 704 2897 Nec
727 2857 838 2911 plura
861 2856 1054 2897 alludens.

511 2969 621 3014 Cn.
646 2971 834 3015 XXIII.
861 2968 1194 3029 Referentibus.
1219 2973 1276 3016 H.
1305 2987 1342 3017 e.
1369 2967 1582 3016 sen'atum
1597 2970 1877 3033 rogantibus
1904 2970 2024 3031 quid
2044 2971 2183 3016 vide-

444 3055 578 3092 retur
594 3046 654 3091 de
676 3046 819 3092 rebus
842 3063 868 3093 a
900 3048 1080 3093 Caesare
1103 3047 1241 3109 gestis
1265 3048 1315 3092 in
1348 3048 1611 3113 consulatu.

513 3113 654 3158 Abiit.
683 3110 790 3172 Ipse
815 3113 955 3158 docet
983 3115 1104 3158 Bell.
1136 3114 1261 3159 Gall.
1279 3148 1292 3168 ‚
1321 3129 1367 3172 1,
1395 3131 1420 3172 7
1449 3110 1495 3159 et
1526 3130 1578 3158 11
1602 3130 1614 3158 :
1641 3134 1661 3155 «
1689 3113 1859 3159 Caesari
1883 3129 2033 3174 quum
2054 3129 2183 3158 nun-

445 3187 612 3233 tiatum
629 3198 746 3235 esset
768 3205 850 3235 eos
866 3189 978 3253 (scil.
996 3189 1254 3254 Helvetios)
1275 3197 1364 3251 per
1384 3190 1680 3251 provinciam
1693 3200 1906 3236 nostram
1921 3191 2010 3236 iter
2031 3190 2184 3235 facere

445 3265 628 3324 conari,
659 3275 866 3312 maturat
899 3267 959 3312 ab
992 3268 1125 3314 Urbe
1153 3266 1418 3327 proficisci,
1449 3276 1496 3314 et
1520 3283 1663 3329 quam
1691 3267 1904 3312 maximis
1935 3266 2183 3312 itineribus

443 3350 601 3402 potest
624 3342 673 3387 in
700 3342 897 3389 Galliam
920 3343 1208 3389 Ulteriorem
1233 3345 1491 3391 contendit.
1520 3365 1540 3386 »

516 3416 737 3475 Quoestor
781 3418 894 3475 ejus.
936 3421 1040 3465 Hoc
1078 3429 1206 3466 recte
1243 3420 1309 3466 sic
1355 3420 1560 3481 explicat
1593 3423 1812 3467 Torrent.
1840 3438 1851 3463 :
1886 3441 1905 3461 κ
1938 3424 2180 3478 Quaestore
