2372 3918
354 266 412 315 [02
1023 262 1072 307 C.
1109 262 1403 308 SUETONH

357 365 630 445 cogitaret
673 363 1030 443 volveretque
1076 368 1296 438 animo,
1341 365 1647 444 quamlibet
1695 387 1997 444 magnum,
2037 366 2093 422 id

357 486 474 521 esse
507 477 914 544 proventurum
937 510 951 538 ‚
994 465 1404 544 pollicerentur.
1442 472 1513 525 Et
1540 489 1686 524 unus
1718 488 1785 524 ex
1815 466 2095 524 nobilibus

353 567 584 644 captivis
602 611 617 638 ,
646 568 917 644 Josephus
936 610 950 638 ‚
979 588 1154 644 quum
1184 569 1549 646 conjiceretur
1583 569 1640 624 in
1670 567 1920 639 vincula,
1956 589 2092 625 con-

353 668 686 725 stantissime
720 669 1081 741 asseveravit,
1116 668 1262 741 fore,
1294 661 1356 726 ut
1390 670 1459 728 ab
1496 669 1691 726 eodem
1723 669 1877 725 brevi
1911 667 2092 726 solve-

354 781 529 841 retur,
560 789 750 825 verum
780 769 894 846 jam
922 770 1735 848 imperatore.-Nunciabantur
1764 782 1818 826 et
1849 790 1917 826 ex
1938 770 2095 827 Urbe

353 871 651 949 praesagia,
681 871 960 927 Neronem
994 870 1187 927 diebus
1225 869 1432 928 ultimis
1482 872 1758 927 monitum
1798 891 1895 948 per
1937 871 2094 947 quie-

354 983 496 1043 tem,
528 984 588 1028 ut
629 982 840 1028 tensam
876 972 1027 1028 Jovis
1060 973 1279 1050 Optimi
1309 973 1539 1029 Maximi
1568 993 1598 1028 e
1629 973 1869 1028 sacrario
1902 972 1959 1027 in
1990 970 2095 1028 do-

355 1093 508 1128 mum
537 1074 901 1150 Vespasiani,
928 1086 981 1129 et
1013 1073 1140 1130 inde
1163 1075 1220 1130 in
1248 1075 1476 1130 Circum
1509 1073 1807 1131 deduceret
1843 1096 1855 1130 :
1892 1094 1955 1130 ac
1981 1095 2091 1129 non

354 1172 532 1230 multo
561 1186 685 1251 post
711 1216 725 1244 ‚
761 1175 984 1231 comitia
1015 1174 1242 1231 secundi
1278 1173 1597 1231 consulatus
1631 1175 1857 1231 ineunte
1884 1173 2095 1243 Galba,

354 1285 594 1330 statuam
627 1273 742 1329 divi
765 1273 897 1331 Julii
922 1273 993 1331 ad
1017 1276 1307 1332 Orientem
1342 1288 1539 1353 sponte
1563 1295 1886 1331 conversam
1919 1298 1931 1331 :
1959 1277 2098 1332 acie-

353 1394 460 1450 que
487 1374 846 1445 betriacensi,
878 1375 1202 1451 priusquam
1238 1376 1695 1447 committeretur,
1722 1375 1859 1432 duas
1885 1376 2096 1452 aquilas

360 1476 416 1530 in
454 1488 750 1553 conspectu
786 1476 1035 1532 omnium
1082 1475 1427 1546 conflixisse3
1473 1477 1728 1553 victaque
1759 1474 1967 1546 altera,
2002 1498 2094 1533 su·

352 1577 670 1654 pervenisse
696 1578 916 1634 tertiam
946 1577 1016 1633 ab
1038 1576 1169 1634 solis
1196 1589 1412 1647 exortu,
1430 1597 1495 1633 ac
1524 1578 1804 1634 victricem
1829 1578 2094 1655 abegisse.

432 1680 530 1734 VI.
560 1679 678 1736 Nec
703 1691 892 1735 tamen
926 1680 1225 1756 quicquam
1259 1692 1388 1736 ante
1414 1680 1681 1751 tentavit,
1709 1681 2096 1758 promtissimis

352 1791 520 1857 atque
554 1781 722 1837 etiam
753 1781 1086 1837 instantibus
1116 1782 1255 1852 suiS,
1285 1775 1453 1858 quam
1477 1779 1801 1837 sollicitatus
1831 1802 2098 1858 quorum-

353 1881 480 1938 dam
508 1893 561 1938 et
585 1882 906 1960 ignotorum
931 1895 985 1938 et
1009 1882 1321 1938 absentium
1348 1881 1580 1938 fortuito
1606 1881 1811 1938 favore.
1844 1883 2096 1940 Moesiaci

353 1984 625 2039 exercitus
654 1983 785 2040 bina
822 2004 852 2039 e
891 1983 1068 2040 tribus
1100 1982 1411 2061 legionibus
1444 1981 1621 2039 millia
1644 2026 1659 2055 ,
1695 1984 1862 2038 missa
1892 1983 2106 2038 auxilio'
2158 2050 2162 2058 ‚

350 2084 598 2157 Othoni,
634 2097 931 2163 postquam
963 2085 1222 2162 ingressis
1256 2085 1361 2140 iter
1389 2085 1705 2140 nuntiatum
1741 2096 1854 2155 est,
1887 2085 2095 2141 victum

349 2206 474 2241 eum
500 2229 516 2256 ,
549 2206 614 2241 ac
648 2187 756 2241 vim
773 2187 914 2242 *vitae
937 2206 1049 2242 suae
1074 2182 1348 2257 attulisse,
1379 2184 1555 2241 nihilo
1587 2186 1762 2241 secius
1788 2184 2096 2263 Aquileiam

356 2308 532 2364 usque
563 2300 1057 2364 perseveraverunt
1072 2330 1101 2356 ,.
1123 2288 1279 2365 quasi
1313 2288 1526 2343 rumori
1569 2288 1752 2343 minus
1791 2287 2095 2343 crederent.

355 2389 431 2443 lbi
459 2409 560 2466 per
587 2390 932 2445 occasionem
968 2410 1032 2445 ac
1062 2387 1336 2445 licentiam
1364 2388 1516 2445 omni
1539 2389 1862 2466 rapinarum
1891 2410 2094 2468 genere

348 2491 606 2566 grassati,
637 2510 813 2566 quum
856 2490 1121 2546 timerent
1141 2532 1156 2561 ,
1191 2509 1260 2544 ne
1288 2490 1394 2545 sibi
1424 2490 1659 2546 reversis
1693 2489 1976 2546 reddenda
2010 2512 2100 2546 ra-

350 2592 460 2660 tio,
496 2612 560 2646 ac
603 2590 893 2646 subeunda
941 2611 1101 2667 poena
1143 2603 1319 2662 esset,
1367 2589 1662 2647 consilium
1701 2592 1946 2649 inierunt
1994 2591 2093 2648 eli-

348 2692 513 2769 gendi
543 2691 880 2776 creandique
914 2692 1263 2769 imperatoris
1296 2713 1309 2747 :
1342 2715 1370 2742 «
1394 2694 1592 2769 Neque
1619 2694 1766 2749 enim
1799 2691 2095 2750 deteriores

349 2813 465 2848 esse
509 2805 605 2849 aut
635 2777 976 2870 Hispaniensi
1010 2793 1252 2849 exercitu
1273 2837 1289 2865 ,
1322 2794 1420 2871 qui
1450 2792 1690 2850 Galbam
1711 2838 1725 2863 ,
1763 2807 1859 2851 aut
1896 2807 2094 2873 praeto-

349 2895 535 2961 riano,
566 2895 662 2972 qui
697 2895 979 2951 Othonem
999 2940 1013 2963 ,
1046 2907 1143 2950 aut
1175 2895 1528 2973 germanion,
1569 2896 1664 2972 qui
1696 2895 1981 2972 Vitellium
2016 2896 2093 2950 fe-

349 2995 567 3052 cissent.
590 3020 618 3048 »
649 2996 954 3073 Propositis
988 2996 1520 3073 itaquenominibus
1553 2994 1858 3073 legatorum
1896 3018 2095 3052 consu·

348 3096 581 3165 larium,
616 3110 754 3174 quot
789 3098 998 3175 ubique
1027 3087 1169 3154 tunc
1192 3110 1384 3169 erant,
1433 3118 1608 3174 quum
1643 3111 1888 3169 ceteros,
1922 3097 2090 3153 aliurn

280 3227 282 3229 v
337 3198 458 3271 >alia
482 3198 550 3255 de
584 3221 779 3271 causa,
811 3200 1226 3277 improbarent,
1259 3213 1315 3255 et
1340 3198 1566 3276 quidam
1599 3220 1632 3255 e
1667 3197 1881 3277 legione
1905 3200 2092 3269 tertia,

351 3322 471 3377 quae
510 3302 612 3358 sub
661 3303 811 3358 exitu
853 3302 1094 3359 Neronis
1132 3300 1392 3356 translata
1443 3322 1507 3357 ex
1542 3302 1696 3378 Syr-ia
1741 3302 1795 3355 in
1840 3302 2090 3357 Moesiam
