2372 3918
422 280 513 324 172
1084 266 1131 312 C.
1165 266 1454 312 SUETONII

420 382 480 426 ut
506 370 778 427 Antiocho
802 373 1172 448 Commageno
1199 376 1505 427 sestertium
1535 368 1727 425 millies
1751 371 2116 429 confiscatum.

421 471 660 546 Quoque
676 471 847 548 magis
866 468 1068 526 nullius
1086 491 1197 526 non
1214 471 1348 527 boni
1371 469 1601 547 exempli
1623 470 1804 526 fautor
1823 469 2121 542 videretur,

335 583 342 588 “
418 568 634 626 mulieri
681 569 946 626 libertinae
989 571 1270 647 octoginta
1319 569 1543 627 donavit
1562 613 1578 642 ,
1629 567 1776 646 quod
1818 571 2123 626 excruciata

420 671 749 747 gravissimis
775 670 1058 726 tormentis
1080 668 1147 725 de
1169 667 1365 725 scelere
1387 669 1606 746 patroni
1630 668 1949 725 reticuisset.
1972 670 2125 742 Quas
2188 733 2191 735 ,

421 769 490 825 ob
518 790 603 826 res
631 769 774 825 inter
798 767 1036 846 reliquos
1063 767 1296 826 honores
1321 769 1567 825 decretus
1592 780 1672 825 est
1696 770 1745 824 ei
1776 767 1994 846 clypeus
2025 789 2124 824 au·-

422 890 577 943 reus,
610 875 774 947 quem
805 870 1095 946 quotannis
1128 882 1277 926 certo
1308 869 1395 926 die
1433 868 1659 948 collegia
1688 869 2030 927 sacerdotum
2068 869 2124 924 in

421 969 756 1046 Capitolium
795 969 1029 1044 ferrent,
1065 982 1256 1027 senatu
1301 982 1699 1047 prosequente,
1741 967 2125 1045 nobilibusque

422 1069 608 1146 pueris
637 1091 700 1126 ac
727 1069 920 1147 puellis
942 1069 1182 1126 carmine
1207 1068 1489 1126 modulato
1514 1067 1701 1126 laudes
1722 1070 1987 1126 virtutum
2011 1069 2128 1145 ejus

423 1170 760 1226 canentibus.
791 1173 1090 1226 Decretum
1118 1181 1300 1225 autem
1318 1211 1334 1242 ,
1367 1181 1428 1225 ut
1456 1167 1597 1241 dies,
1630 1190 1739 1246 quo
1770 1170 1998 1246 cepisset
2028 1168 2128 1224 im-

422 1270 638 1345 perium
656 1313 670 1338 ,
716 1269 920 1335 Palilia
965 1281 1276 1341 vocaretur,
1316 1267 1468 1325 velut
1514 1282 1900 1346 argumentum
1944 1289 2131 1325 rursus

328 1402 331 1405 -
424 1368 654 1424 conditae
687 1370 869 1426 Urbis.

504 1471 681 1526 XVII.
712 1467 1042 1526 Consulatus
1063 1452 1307 1548 quatuor*
1320 1471 1482 1549 gessit
1501 1492 1514 1528 :
1533 1471 1774 1547 primum
1794 1492 1859 1528 ex
1885 1469 2130 1528 kalendis

420 1567 570 1646 juliis
610 1590 710 1647 per
751 1568 889 1626 duos
935 1591 1180 1644 menses;
1219 1561 1519 1628 secundum
1555 1593 1620 1628 ex
1656 1571 1901 1629 kalendis
1931 1573 2130 1649 janua-

426 1670 521 1725 riis
554 1690 652 1747 per
693 1671 918 1748 triginta
955 1670 1100 1742 dies3
1134 1672 1354 1727 tertium
1395 1692 1568 1749 usque
1608 1673 1665 1727 in
1704 1672 1827 1728 idus
1859 1672 2134 1749 januarii3

426 1782 682 1846 quartum
714 1790 886 1846 usque
918 1772 975 1826 in
1012 1772 1304 1848 septimum
1341 1771 1462 1828 idus
1497 1771 1729 1829 easdem.
1761 1775 1842 1829 Ex
1879 1772 2135 1827 omnibus

427 1870 566 1926 duos
619 1871 945 1927 novissimos
1003 1872 1303 1948 conjunxit.
1353 1873 1598 1929 Tertium
1649 1884 1831 1929 autem
1876 1871 2137 1950 Lugduni

427 1971 550 2037 iniit
581 1969 754 2043 solus3
790 1992 935 2045 non,
972 1983 1035 2027 ut
1064 1971 1289 2048 quidam
1323 1974 1645 2050 opinantur,
1680 1971 1934 2050 superbia
1964 1970 2138 2048 negli-

427 2071 711 2148 gentiave,
754 2071 848 2127 sed
887 2071 1036 2148 quod
1080 2071 1399 2129 defunctum
1444 2074 1544 2130 sub
1590 2072 1948 2129 kalendarum
1994 2070 2137 2126 diem

428 2169 692 2248 collegam
723 2173 946 2228 rescisse
981 2172 1173 2229 absens
1207 2193 1320 2228 non
1350 2185 1622 2250 potuerat.
1653 2173 2012 2251 Congiarium
2041 2191 2140 2248 po·

427 2269 561 2347 pulo
600 2271 682 2327 bis
721 2271 871 2328 dedit
903 2284 1148 2328 trecenos
1181 2274 1494 2330 sestertios:
1533 2273 1696 2329 toties
1732 2270 2136 2328 abundantissi-

428 2391 580 2426 mum
624 2371 847 2449 epulum
882 2373 1093 2428 senatui
1129 2374 1471 2450 equestrique
1504 2372 1717 2445 ordini,
1753 2372 1915 2428 etiam
1947 2357 2139 2446 conju-

430 2471 586 2547 gibus
613 2492 677 2528 ac
709 2470 892 2528 liberis
921 2484 1299 2548 utrorumque.
1336 2473 1644 2528 Posteriore
1677 2469 1869 2548 epulo,
1904 2469 2141 2526 forensia

430 2571 652 2648 insuper
676 2573 839 2643 viriS,
866 2572 1078 2629 feminis
1109 2592 1173 2627 ac
1204 2572 1386 2649 pueris
1416 2571 1608 2628 fascias
1634 2591 1893 2649 purpurae
1917 2591 1981 2626 ac
2003 2589 2136 2625 con-

431 2669 595 2747 chylii
624 2670 920 2727 distribuit.
951 2676 1024 2729 Et
1057 2684 1120 2728 ut
1146 2670 1389 2729 laetitiam
1420 2671 1694 2750 publicam
1724 2673 1780 2727 in
1812 2682 2136 2749 perpetuum

433 2790 651 2847 quoque
686 2784 940 2850 augeret,
976 2771 1178 2850 adjecit
1207 2771 1351 2829 diem
1382 2771 1785 2846 SaturnalibUS,
1820 2767 2141 2848 appellavit-

432 2890 538 2946 que
571 2872 904 2930 Juvenalem.
2160 2853 2166 2856 i

478 2958 480 2960 .
512 2973 721 3028 XVIII.
758 2976 995 3030 Munera
1033 2972 1359 3052 gladiatoria
1400 2975 1600 3052 partim
1639 2975 1697 3030 in
1739 2971 2141 3051 amphitheatro

433 3074 631 3145 Tauri,
662 3075 863 3150 partim
893 3075 950 3129 in
978 3075 1154 3152 Septis
1175 3117 1190 3148 ,
1221 3073 1431 3151 aliquot
1457 3075 1655 3148 edidit,
1682 3074 1881 3151 quibus
1910 3070 2141 3127 inseruit

435 3185 675 3229 catervas
699 3166 941 3230 afrorum
979 3193 1479 3251 campanorumque
1506 3172 1779 3252 pugilum,
1810 3192 1874 3228 ex
1909 3182 2143 3246 utraque

435 3274 658 3350 regione
696 3271 1161 3330 electissimorum.
1202 3275 1392 3351 Neque
1426 3272 1745 3351 spectaculis
1781 3291 1990 3348 semper
2025 3271 2140 3346 ipse
2192 3287 2196 3290 ’
