2372 3918
876 262 1287 321 comminus,
1893 289 1945 330 71

223 402 393 440 nuere
423 404 436 439 :
470 378 564 439 sed
591 398 764 459 quum
795 390 851 435 et
879 376 1183 433 obnoxium
1213 395 1269 432 se
1296 376 1552 433 Barbaris
1583 397 1681 455 per
1704 378 1811 435 hoc
1836 380 1956 435 ani·

222 484 618 556 madverteret,
666 501 843 559 neque
881 500 948 536 eo
991 478 1170 535 secius
1214 478 1289 534 inv
1315 477 1651 556 explicandis
1692 482 1955 540 oneribus

221 589 469 661 haereret,
499 582 635 662 nihil
656 583 808 662 pensi
833 581 1047 651 habuit,
1071 581 1205 658 quin
1226 579 1567 659 praedaretur
1590 583 1743 637 omni
1770 581 1954 640 modo.

221 690 375 746 Bona
401 687 652 744 vivorum
679 704 742 741 ac
776 694 1125 739 mortuorum
1161 701 1587 759 usquequaque,
1619 681 1869 757 quolibet
1901 695 1957 738 et

220 800 536 845 accusatore
566 797 623 842 et
648 785 882 843 crimine
900 826 916 855 ,
939 782 1407 860 corripiebantur.
1434 781 1578 839 Satis
1608 792 1755 851 erat,
1787 780 1958 858 objici

222 887 601 964 qualecunque
622 885 826 942 factum
852 883 1135 940 dictumve
1155 882 1416 940 adversus
1441 881 1782 959 majestatem
1811 882 1959 959 prin·

220 990 374 1067 cipis.
411 985 877 1045 Confiscabantur
919 982 1263 1040 alienissimae
1309 981 1675 1054 hereditates,
1711 981 1794 1039 vel
1845 1002 1959 1039 uno

220 1089 545 1156 exsistente,
589 1086 686 1164 qui
722 1085 954 1156 diceret,
987 1083 1215 1158 audisse*
1249 1104 1307 1140 se
1338 1104 1404 1140 ex
1447 1082 1738 1156 defuncto,
1784 1103 1959 1160 quum

220 1189 457 1259 viveret,
493 1211 521 1240 t(
542 1186 799 1243 heredem
833 1186 935 1243 sibi
970 1187 1239 1243 Caesarem
1288 1205 1420 1241 esse.
1447 1208 1476 1238 >2
1511 1186 1715 1241 Praeter
1750 1194 1961 1240 ceteros

221 1288 469 1366 judaicus
510 1288 672 1345 fiscus
702 1287 1051 1345 acerbissime
1088 1299 1243 1344 actus
1270 1298 1352 1343 est
1388 1307 1401 1342 z
1447 1285 1518 1342 ad
1551 1305 1718 1363 quem
1747 1284 1959 1342 defere-

221 1391 444 1457 bantur,
471 1391 568 1467 qui
596 1387 681 1446 vel
706 1388 1013 1467 improfessi
1034 1388 1317 1465 judaicam
1350 1389 1595 1443 viverent
1620 1387 1820 1459 vitam,
1850 1384 1963 1458 vel,

221 1488 562 1547 dissimulata
601 1490 816 1569 origine
837 1531 852 1559 ,
887 1490 1143 1568 imposita
1186 1491 1335 1568 genti
1365 1488 1573 1545 tributa
1608 1507 1722 1544 non
1760 1507 1966 1565 pepen-

222 1592 448 1648 dissent.
481 1590 807 1648 Interfuisse
842 1610 932 1646 me
976 1586 1448 1647 adolescentulum
1498 1590 1762 1658 memini,
1792 1608 1966 1666 quum

223 1714 252 1749 a
287 1678 678 1770 procuratore,
712 1691 1266 1768 frequentissimoque
1309 1689 1569 1762 consilio,
1608 1691 1966 1767 inspiceretur

225 1793 626 1871 nonagenarius
644 1812 830 1863 senex,
848 1812 918 1848 an
937 1792 1328 1848 circumsectus
1345 1803 1504 1846 esset.
1519 1790 1608 1847 Ab
1622 1791 1852 1867 juventa
1873 1791 1968 1845 mi-

222 1894 371 1949 nime
400 1890 576 1949 civilis
601 1893 800 1960 animi,
823 1891 1109 1948 confidens
1126 1892 1318 1960 etiam,
1348 1904 1404 1947 et
1429 1911 1600 1967 quum
1623 1891 1824 1964 verbis,
1848 1904 1965 1948 tum

221 1995 387 2051 rebus
403 1994 750 2051 immodicus,
771 1993 1009 2065 Caenidi,
1029 1993 1199 2071 patris
1221 1992 1547 2050 concubinae
1561 2036 1576 2064 ,
1603 2013 1667 2049 ex
1689 1994 1850 2049 Istria
1884 2013 1968 2048 re-

223 2116 421 2167 versae,
456 2093 848 2172 osculumque,
878 2108 939 2152 ut
956 2106 1230 2166 assuerat,
1253 2093 1537 2166 offerenti,
1572 2114 1796 2149 manum
1823 2114 1966 2171 prae-

226 2196 364 2252 buit.
397 2197 682 2252 Generum
709 2194 925 2264 fratris,
964 2194 1189 2271 indigne
1219 2193 1428 2261 ferens,
1461 2193 1673 2250 albatos
1702 2206 1757 2250 et
1789 2195 1967 2271 ipsum

226 2296 507 2352 ministros
530 2294 756 2366 habere,
782 2293 1147 2373 proclamavit
1166 2293 1317 2353 :Obie
1340 2291 1565 2364 cira-&bv
1591 2305 1966 2371 πολυκοιρανίη.

307 2398 464 2461 ΧΙΙΙ.
506 2396 887 2472 principatum
922 2415 1050 2451 vero
1075 2395 1337 2471 adeptus,
1365 2416 1543 2472 neque
1574 2397 1629 2451 in
1668 2409 1858 2456 senatu
1885 2400 1970 2474 ja-

229 2509 379 2554 ctare
408 2496 714 2567 dubitavit,
746 2520 773 2549 c<
799 2509 855 2553 et
875 2497 1017 2575 patri
1047 2517 1103 2552 se
1134 2509 1187 2552 et
1215 2496 1371 2552 fratri
1411 2498 1703 2573 imperium
1731 2496 1970 2569 dedisse;

229 2597 350 2653 illos
385 2597 486 2652 sibi
519 2596 822 2653 reddidisse
853 2618 865 2653 t
894 2622 922 2651 »
955 2617 1132 2674 neque
1178 2598 1232 2653 in
1278 2596 1593 2655 reducenda
1632 2611 1751 2675 post
1784 2599 1972 2654 divor-

231 2699 369 2754 tium
406 2718 575 2754 uxore
606 2696 850 2770 edicere,
879 2721 907 2750 <c
927 2709 1176 2755 vocatam
1206 2719 1325 2755 eam
1355 2700 1409 2754 iu
1443 2697 1699 2776 pulvinar
1735 2721 1917 2756 suum.
1946 2725 1972 2752 ι»
2027 2686 2031 2690 ”

230 2798 535 2856 Acclamat-i
565 2800 730 2855 etiam
773 2800 829 2856 in
858 2799 1269 2876 amphitheatro
1301 2798 1449 2878 epuli
1482 2798 1572 2856 die
1603 2799 1841 2857 libenter
1869 2822 1970 2857 au-

232 2898 335 2955 diit
364 2920 377 2955 z
410 2922 436 2951 «
464 2901 708 2956 Domino
740 2912 791 2956 et
823 2900 1059 2956 dominae
1089 2898 1336 2956 feliciter.
1366 2925 1393 2953 »
1430 2900 1537 2957 Sed
1573 2913 1626 2957 ct
1665 2900 1970 2979 capitolino

234 3001 536 3056 certamine
568 3012 800 3057 cunctos
836 3001 1049 3079 ingenti
1091 3021 1361 3057 consensu
1398 3013 1712 3078 precantes»,
1754 3014 1815 3058 ut
1844 3003 1971 3059 Pal-

234 3088 438 3156 furium
468 3102 665 3157 Suram
702 3102 1040 3174 restitueret,
1069 3100 1288 3179 pulsum
1321 3100 1451 3158 olim
1488 3115 1707 3174 senatu,
1742 3123 1805 3159 ac
1841 3116 1973 3159 tuuc

233 3199 301 3257 de
333 3202 646 3257 oratoribus
681 3214 1035 3275 coronatum,
1069 3202 1224 3259 nullo
1273 3222 1539 3279 responso
1575 3202 1835 3281 diguatu,
1885 3215 1973 3260 ta-

233 3320 351 3358 cere
373 3301 756 3358 tantummodo
776 3302 965 3379 jussit,
999 3322 1133 3358 voce
1162 3304 1445 3382 praeconiS.
1478 3303 1600 3359 Pari
1633 3307 1974 3382 arrogantia,
