2372 3918
803 232 1109 280 ocrAvms
1133 232 1476 278 Aucusrus.
1925 236 1985 299 95

281 352 507 418 posterae
532 340 653 395 vitae
678 337 940 394 castitate.
971 339 1107 392 Item
1133 333 1468 392 lautitiarum
1499 335 1788 408 invidiam;
1815 359 1983 415 quum

278 451 329 495 et
357 438 682 498 Alexandria
707 447 889 513 capta,
919 433 1056 491 nihil
1089 434 1190 492 sibi
1217 446 1413 512 praeter
1437 455 1607 491 unum
1635 438 1984 495 murrhinum

277 539 498 596 calicem
538 559 604 595 ex
642 538 1005 593 instrumento
1047 535 1201 613 regio
1241 535 1561 607 retinuerit,
1601 547 1656 590 et
1692 556 1819 592 mox
1861 559 1986 594 vasa

276 660 438 696 aurea
482 636 831 695 assiduissimi
874 656 1011 692 usus⁴
1050 634 1370 692 conflaverit
1415 636 1614 691 omnia.
1659 635 1818 691 Circa
1862 634 1985 692 lihi-

274 738 425 795 dines
455 738 633 807 haesit3
660 748 848 814 postea
877 756 1122 812 quoque,
1154 747 1215 791 ut
1245 733 1453 806 ferunt,
1483 734 1554 791 ad
1578 733 1847 791 vitiandas
1883 736 1988 790 vir-

272 839 426 915 gines
458 837 794 915 promptior,
827 856 947 912 quae
994 835 1097 891 sibi
1140 833 1417 912 undique,
1460 835 1626 891 etiam
1668 834 1738 891 ab
1781 855 1985 905 uxore,

272 938 740 1015 conquirerentur.
791 934 936 993 Aleae
987 956 1265 992 rumorem
1317 933 1470 991 nullo
1521 934 1687 991 modo
1735 937 1984 1012 expavit,

271 1036 507 1114 lusitque
537 1035 856 1116 simpliciter
886 1047 940 1092 et
970 1034 1150 1114 palam
1180 1034 1564 1093 oblectamenti
1598 1055 1787 1109 causa,
1820 1037 1984 1092 etiam

267 1157 463 1209 senex3
503 1157 567 1193 ac
610 1148 973 1215 praeterquam
1011 1136 1302 1193 Decembri
1342 1155 1560 1208 mense,
1601 1133 1722 1192 aliis
1765 1157 1987 1213 quoque

268 1235 417 1293 festis
447 1235 810 1316 profestisque
842 1236 1049 1293 diebuS.
1086 1238 1201 1295 Nec
1232 1236 1288 1293 id
1319 1236 1548 1293 dubium
1579 1248 1676 1293 est.
1712 1239 1987 1316 Autogra-

268 1337 380 1413 pha
406 1337 641 1414 quadam
671 1335 925 1416 epistola,
957 1338 1257 1410 «Coenavi,
1275 1362 1301 1389 »
1331 1338 1438 1410 ait,
1465 1338 1584 1394 «mi
1610 1337 1824 1410 Tiberi,
1857 1358 1984 1394 cum

267 1436 476 1494 iisdem.
520 1441 881 1496 Accesserunt
923 1439 1166 1495 convivae
1208 1439 1458 1496 Vinicius
1501 1450 1558 1495 et
1600 1436 1764 1495 Silius
1810 1450 1981 1515 pater.

265 1540 418 1595 Inter
447 1560 654 1596 coenam
685 1538 916 1597 lusimus
948 1547 1267 1614 γεροντικῶς,
1301 1552 1356 1596 et
1389 1540 1509 1595 heri
1543 1551 1599 1596 et
1627 1538 1807 1595 hodie.
1837 1536 1982 1596 Talis

264 1639 410 1694 enim
438 1640 684 1716 jactatiS,
715 1651 778 1695 ut
805 1639 1038 1715 quisque
1073 1651 1390 1704 canemaut
1422 1639 1700 1694 senionem
1731 1639 1989 1703 miserat,

265 1739 322 1794 in
352 1737 596 1817 singulos
627 1736 764 1795 talos
798 1737 1333 1822 singulosdenarios
1367 1738 1423 1793 in
1459 1737 1699 1794 medium
1735 1738 1981 1796 confere·

211 1819 219 1832 x
262 1837 357 1894 bat
386 1858 401 1894 τ
431 1859 570 1915 quos
601 1836 825 1894 tollebat
853 1839 1162 1909 univerSOS,
1193 1839 1289 1915 qui
1316 1840 1588 1897 Venerem
1615 1838 1834 1916 jecerat.
1853 1862 1880 1892 ³>
1908 1842 1982 1896 Et

262 1959 452 1995 rursus
478 1937 597 1995 aliis
627 1937 821 1995 litteris
845 1960 903 1995 τε(
918 1940 1063 2012 Nos,
1094 1940 1171 1995 mi
1201 1939 1414 2013 Tiberi,
1440 1940 1824 2016 Quinquatrus
1852 1940 1982 1996 satis

256 2038 502 2116 jucunde
533 2041 761 2119 egimus
795 2040 1051 2097 Lusimus
1083 2041 1229 2096 enim
1258 2061 1356 2118 per
1385 2060 1575 2097 omnes
1607 2040 1745 2111 dies,
1775 2040 1982 2097 forum-

261 2160 369 2216 que
395 2138 718 2196 aleatorium
747 2138 1074 2198 calfecimuS.
1107 2142 1299 2197 Frater
1329 2152 1456 2196 tuus
1485 2141 1698 2219 magnis
1730 2139 1982 2198 clamori-

260 2238 364 2296 bus
401 2260 518 2296 rem
555 2241 734 2318 gessit.
776 2239 862 2297 Ad
898 2261 1164 2297 summam
1201 2253 1382 2297 tamen
1423 2240 1662 2319 perdidit
1693 2261 1806 2297 non
1839 2240 1981 2298 mul-
2040 2255 2043 2258 ⁴

259 2350 401 2412 tum3
431 2339 525 2396 sed
555 2361 621 2397 ex
659 2341 871 2418 magnis
912 2340 1250 2396 detrimentis
1288 2353 1487 2418 praeter
1521 2362 1671 2418 spem
1714 2340 1979 2418 paulatim

262 2452 528 2497 retractus
565 2452 662 2496 est.
696 2444 815 2518 Ego
854 2439 1067 2517 perdidi
1107 2439 1302 2517 viginti
1338 2438 1507 2496 millia
1539 2440 1825 2496 nummum
1857 2461 1980 2496 meo

262 2540 510 2611 nomine;
540 2540 635 2597 sed
671 2561 844 2617 quum
885 2539 1054 2596 effuse
1095 2540 1150 2595 in
1194 2538 1317 2596 lusu
1357 2538 1596 2596 liberalis
1630 2540 1882 2613 fuissem,
1918 2552 1981 2598 ut

263 2637 411 2695 soleo
442 2637 779 2717 plerumque.
821 2642 965 2698 Nam
1004 2639 1080 2711 si,
1121 2659 1256 2716 quas
1297 2659 1490 2695 manus
1528 2639 1710 2696 remisi
1744 2641 1978 2718 cuique,

261 2739 582 2816 exegissem,
618 2751 714 2795 aut
746 2740 1091 2795 retinuissem
1126 2740 1275 2816 quod
1318 2741 1518 2817 cuique
1551 2739 1779 2814 donavi,
1822 2742 1980 2797 vicis-

262 2859 375 2895 sem
405 2836 486 2895 vel
522 2839 925 2917 quinquaginta
963 2837 1150 2895 millia.
1186 2840 1291 2896 Sed
1327 2840 1433 2897 hoc
1462 2840 1622 2897 malo·
1663 2842 1979 2920 Benignitas

263 2940 409 2996 enim
445 2961 566 2996 mea
593 2960 680 2996 me
714 2939 783 2996 ad
815 2938 1087 2996 coelestem
1124 2937 1353 3017 gloriam
1387 2940 1588 2998 efferet.
1609 2967 1638 2995 u
1671 2942 1870 2999 Scribit
1908 2942 1978 2998 ad

264 3037 431 3096 filiam
457 3060 470 3095 ε
497 3039 670 3096 «Misi
696 3039 796 3095 tibi
824 3038 1076 3096 denarios
1103 3039 1366 3095 ducentos
1388 3040 1811 3119 quinquaginta,
1839 3064 1978 3120 quos

265 3139 494 3218 singulis
528 3140 771 3196 convivis
803 3138 1083 3212 dederam,
1117 3140 1161 3195 si
1197 3137 1399 3196 vellent
1433 3141 1574 3196 inter
1608 3161 1663 3196 se
1696 3141 1838 3198 inter
1871 3162 1979 3199 coe·

269 3259 395 3296 nam
426 3237 511 3296 vel
539 3237 661 3297 talis
689 3237 773 3295 vel
807 3259 905 3317 par
932 3240 1107 3317 impar
1133 3237 1338 3296 ludere.
1357 3264 1383 3292 »
1413 3243 1478 3297 In
1508 3241 1700 3297 ceteris
1731 3242 1975 3318 partibus
