2372 3918
389 209 413 250 3
423 224 445 251 2
454 225 480 250 ο
1151 206 1342 252 NOTAE

454 302 776 362 Daphnidem.
799 327 865 336 -
892 299 1168 361 Daphnides
1194 301 1283 344 fuit
1316 299 1469 345 dictus
1497 315 1522 346 a
1546 299 1743 346 domino
1766 317 1853 346 suo
1878 305 1934 360 Q.
1959 304 2108 347 Luta*

389 378 455 422 tio
491 378 685 435 Catulo,
720 375 805 438 qui
834 376 966 422 illum
987 375 1332 422 manumiserat.

460 455 650 514 Togata.
677 456 900 511 Quaenam
931 453 1018 512 sit,
1050 452 1159 497 vide
1186 453 1236 496 in
1264 452 1412 506 Caes„
1445 466 1581 507 xx113
1612 451 1740 497 unde
1772 452 1837 497 sic
1874 451 2110 499 diceretur

391 530 531 575 docet
554 529 670 586 Dio,
694 545 833 587 XLVI,
858 544 903 588 p.
927 529 1020 574 326
1049 545 1059 573 Ξ
1082 528 1269 591 Ᾰντωνὶῳ
1293 531 1341 577 δὲ
1357 536 1428 582 τὴν
1452 536 1592 582 λοιπὴν
1611 538 1834 588 Γαλατίαν,
1852 536 1923 582 τήν
1939 552 1983 577 τι
2005 538 2109 586 ἐντὸς

397 618 471 654 τῶν
501 603 684 664 Ᾰλπεων,
708 611 777 654 καὶ
807 614 878 659 τὴν
903 612 1000 668 ὑπὲρ
1028 610 1152 659 αὐτὰς
1180 606 1357 657 δοθῆναι.
1375 602 1569 653 ἐκαλεῖτο
1596 607 1645 654 δὲ
1672 613 1798 657 ἐκείνη
1833 612 1904 669 μὲν
1921 612 2112 668 Τογάτα,

393 690 452 731 ὅτι
485 689 761 747 εἶρηνικωτέρα
794 689 907 746 παρὰ
941 688 1015 737 τὰς
1044 689 1167 736 ἄλλας
1200 683 1333 729 ἐδόκει
1362 683 1481 740 εἶναι,
1512 688 1582 731 καὶ
1621 690 1680 731 ὅτι
1707 689 1777 731 καὶ
1804 695 1855 745 τῇ
1888 689 2024 734 ἐσθῆτι.
2058 693 2110 745 τῇ

391 756 584 821 ῥωμαῖκῇ
607 771 657 823 τῇ
681 766 830 822 ἀστικῇ
860 767 1029 822 ἐχρῶντο
1051 759 1148 810 ἤδη.

459 833 569 878 Cn.
594 836 675 880 lv.
713 834 955 879 Bibaculo.
987 835 1124 878 Hunc
1157 841 1419 878 memorant
1446 834 1670 893 Quintil.,
1700 838 1838 888 Inst.‚
1875 851 1931 892 x,
1967 853 2016 893 1,
2064 847 2111 882 et

390 911 601 955 Macrob.
620 946 634 968 ‚
663 911 843 956 Satura.
862 943 877 964 ,
904 925 944 954 11
963 944 974 965 ,
1006 925 1046 954 1.
1597 908 1605 917 '

465 999 701 1043 Valerium
727 998 963 1043 Catonem.
991 997 1114 1043 Vide
1141 996 1263 1043 infra
1284 1013 1352 1042 xx.

455 1086 749 1147 Ethologc‘as.
774 1087 832 1130 H.
859 1101 896 1130 e.
921 1101 1108 1131 morum
1125 1086 1478 1146 descriptiones.
1496 1086 1565 1131 Cf.
1594 1089 1797 1144 Qum-12,
1824 1090 1967 1146 last„
1990 1105 2037 1146 1,
2068 1103 2113 1148 7,

391 1173 436 1208 et
461 1166 636 1210 Smuzc.
652 1198 664 1220 ,
690 1162 823 1222 epist.
850 1178 955 1207 xcv.
983 1165 1142 1207 Graece
1158 1160 1368 1211 Ἠθοποιΐα.
1395 1163 1465 1207 Cf.
1491 1164 1814 1221 Hammeum,
1839 1166 2109 1224 Progymn„

319 1283 322 1286 .
391 1256 468 1298 1x;
491 1243 711 1297 Timon„
734 1256 781 1299 p.
810 1238 899 1297 853
923 1242 1264 1297 Ammomus,
1289 1255 1337 1298 p.
1369 1255 1475 1285 101.

463 1318 786 1362 Dades-entur.
815 1315 938 1360 Vide
966 1319 1200 1372 Qmwru..
1218 1350 1230 1372 2
1257 1316 1369 1360 ibid.

456 1405 564 1449 Cn.
586 1405 670 1448 VI.
709 1402 904 1462 Opilius.
940 1401 1095 1460 Hujus
1117 1403 1327 1447 meminit
1351 1404 1523 1462 Symm.
1539 1438 1551 1459 ,
1576 1402 1709 1462 epist.
1735 1419 1753 1447 1
1786 1418 1797 1446 :
1822 1420 1847 1444 α
1864 1402 2116 1450 Enimvero

390 1496 546 1540 neque
580 1479 783 1524 Panaetio
816 1478 1150 1523 Africanorum
1187 1479 1460 1536 Secundus,
1496 1495 1654 1539 neque
1687 1479 1850 1539 Opilio
1883 1480 2112 1538 Rutilius,

389 1574 545 1618 neque
571 1557 722 1603 Cineae
747 1557 973 1617 Pyrrhus,
1006 1565 1086 1600 aut
1109 1556 1394 1600 Metrodoro
1421 1572 1508 1601 suo
1536 1557 1834 1603 Mithridates
1867 1558 2116 1615 Ponticus,

389 1635 655 1680 liberalium
680 1633 1032 1693 disciplinarum
1054 1633 1209 1693 pretia
1234 1634 1495 1678 solverunt.
1519 1653 1544 1674 n

458 1713 763 1756 Damnatum.
803 1712 976 1755 Ascon.
1010 1711 1057 1753 in
1099 1710 1218 1766 Cion,
1249 1724 1297 1769 p.
1338 1711 1395 1767 37
1429 1726 1442 1755 :
1482 1729 1502 1750 «
1524 1710 1675 1768 Hujus
1710 1709 1860 1755 Mucii
1896 1719 2116 1772 quaestor,

390 1787 594 1833 Rutilius
616 1787 766 1834 Rufus
791 1787 1037 1832 damnatus
1061 1796 1154 1843 est,
1186 1787 1320 1846 quod
1343 1804 1448 1832 cum
1474 1797 1675 1847 praetore
1692 1788 1979 1834 consenserit
2001 1804 2117 1847 suo,

389 1879 450 1909 ne
470 1863 713 1923 publicani
735 1863 915 1923 aliquid
930 1871 1121 1925 agerent
1144 1863 1195 1907 in
1217 1863 1465 1923 provincia
1488 1880 1585 1910 sua.
1605 1884 1624 1904 »

463 1942 582 2000 Qui,
606 1942 732 2002 quia.
758 1942 816 1985 H.
852 1957 916 1998 e.,
950 1950 1004 1984 ut
1030 1941 1136 2000 qui,-
1161 1967 1226 1975 —
1242 1942 1419 2001 quippe
1446 1942 1538 2002 qui.

458 2030 566 2075 CAr.
597 2031 702 2074 VII.
732 2030 932 2088 Gmpho.
953 2028 1152 2085 Quintil.
1168 2062 1180 2084 ,
1204 2031 1322 2073 Just.
1338 2063 1350 2085 ‚
1374 2045 1419 2084 1,
1449 2029 1477 2073 6
1506 2045 1516 2073 :
1544 2050 1563 2070 «
1583 2029 1715 2074 Sicut
1737 2030 1975 2074 Antonius
1997 2029 2120 2074 Gni-

393 2107 518 2166 pho,
547 2106 629 2165 qui
666 2106 817 2150 robur
842 2105 1061 2164 quidem,
1096 2114 1143 2149 et
1179 2106 1313 2162 ebur,
1351 2115 1493 2164 atque
1534 2105 1674 2149 etiam
1701 2121 1913 2150 marmur
1950 2106 2122 2150 fatetur

394 2198 514 2238 esse,
553 2198 712 2227 verum
739 2181 840 2226 fieri
872 2182 973 2225 vult
997 2196 1055 2225 ex
1083 2180 1156 2225 his
1186 2181 1390 2238 robura,
1414 2182 1586 2236 chuta,
1618 2197 1865 2227 marmura.
1917 2205 1920 2211 Α

457 2260 871 2318 Scytobrache‘onzk.
889 2259 979 2303 Vel
1004 2258 1115 2318 quia
1139 2259 1288 2302 altero
1312 2258 1502 2302 brachio
1526 2257 1694 2302 debilis
1721 2258 1893 2316 factus,
1918 2257 2120 2320 effigiem

385 2334 571 2380 vbrachii
603 2350 628 2380 e
655 2335 816 2393 corio,
855 2335 1002 2379 aliave
1039 2350 1090 2378 re
1121 2334 1213 2378 levi
1247 2334 1402 2387 facto,
1437 2334 1512 2378 vel
1542 2333 1656 2393 quia
1679 2335 1919 2378 brachium
1959 2334 2116 2379 debile

394 2414 444 2458 in
474 2413 608 2458 corio
633 2412 899 2474 gestaverit.
917 2412 1036 2457 Vide
1061 2412 1255 2456 CAsAnB.
1282 2420 1328 2456 et
1359 2413 1518 2467 Voss.,
1543 2412 1602 2454 de
1615 2411 1735 2455 Hist.
1769 2412 1949 2466 Groec.,
1979 2427 2048 2466 tv,
2074 2410 2118 2455 5.

470 2491 744 2549 Temporum
770 2489 910 2534 ratio.
928 2491 1175 2533 Vetustum
1199 2488 1459 2532 admodum
1487 2487 1764 2546 scriptorem
1791 2488 1931 2532 fuisse
1955 2488 2119 2532 decla-

395 2574 502 2610 rant
529 2566 674 2610 verba
697 2566 895 2623 Athen.,
926 2581 1025 2622 xu,
1055 2581 1103 2624 p.
1132 2561 1223 2608 515
1245 2581 1253 2607 :
1275 2562 1430 2627 ἱστορεῖ
1453 2572 1470 2611 ὁ
1497 2572 1639 2618 Ξάνθος
1660 2572 1677 2611 ὁ
1703 2567 1854 2622 Λυδὸς,
1881 2572 1906 2618 ἢ
1930 2572 1949 2613 ὁ
1973 2571 2047 2619 τὰς
2071 2571 2122 2618 εἰς

397 2650 514 2692 αὐτὸν
551 2649 624 2698 τὰς
654 2650 950 2706 ἀναφερομένας
983 2647 1157 2705 ἱστορίας
1197 2647 1482 2704 συγγεγραφὼς
1512 2648 1709 2695 Διονύσιος
1743 2648 1762 2688 ὂ
1796 2645 2118 2703 Σκυτοὲραχίῳν.

396 2719 485 2763 Hic
509 2727 663 2764 autem
686 2719 908 2763 Xanthus
923 2717 1012 2763 fuit
1028 2725 1134 2763 ante
1158 2717 1403 2776 Ephorum
1425 2724 1472 2761 et
1494 2717 1809 2761 Herodotum.
1833 2716 1903 2761 Cf.
1923 2718 2119 2762 Casum.

398 2803 442 2839 et
466 2797 624 2852 Voss.,
649 2795 730 2840 ub.
755 2810 856 2853 sup.

466 2871 742 2915 Ciceronem.
764 2870 977 2914 Macrob.
993 2902 1007 2926 ,
1029 2869 1239 2926 Satur-n„
1261 2885 1357 2926 111,
1388 2883 1442 2912 12
1470 2885 1481 2912 :
1515 2888 1535 2909 «
1552 2869 1787 2914 Antonius
1807 2856 2026 2927 Gnipho,
2048 2867 2122 2933 *sir

399 2945 591 3004 doctus,
623 2947 757 3005 cujus
781 2947 989 2992 scholam
1012 2945 1179 2991 Cicero
1201 2953 1312 3004 post
1332 2944 1544 2991 laborem
1567 2944 1662 2990 fori
1682 2944 2025 3004 frequentabat.
2054 2963 2072 2982 υ

469 3023 666 3068 Atteius.
692 3023 815 3068 Vide
840 3022 966 3076 infra
988 3036 1034 3066 x.

468 3111 575 3155 Cn.
601 3112 729 3156 VIII.
761 3111 1078 3156 Annalium....
1102 3109 1410 3154 elenchorum.
1439 3109 1588 3153 Intell.
1612 3108 1788 3152 indices
1810 3108 2023 3150 annales.

468 3198 573 3243 Cn.
601 3200 687 3244 IX.
715 3199 998 3257 Pen'alogos.
1029 3198 1219 3242 Certum
1235 3205 1305 3241 est
1327 3212 1491 3241 vocem
1513 3196 1704 3241 latinam
1728 3204 1999 3254 corruptam
2025 3207 2121 3237 esse
