2372 3918
396 270 420 299 2
430 252 453 299 5
462 269 486 298 2
1143 263 1331 308 NOTAE

453 356 762 399 lustr-umenti.
787 355 865 399 De.
881 354 1181 401 instrumento
1208 355 1314 401 vide
1340 358 1462 416 Aug.
1476 388 1491 409 ,
1518 371 1725 401 Lxxxin.

455 426 718 475 Met-iconis.
741 431 801 476 Η.
825 446 864 476 e.
889 431 1102 477 mercede
1119 431 1393 486 conductis,
1425 440 1475 475 ut
1507 432 1553 475 in
1583 433 1700 476 Caes.
1721 467 1733 489 ,
1757 448 1878 477 mvn.

457 506 706 551 Lenocinii.
735 507 914 567 Nempe
943 507 1290 554 blanditiarum.

457 581 811 642 Prince‘palium.
843 584 915 629 Sc.
941 584 1002 628 ad
1024 584 1286 644 principem
1310 584 1630 643 spectantium.

460 668 772 715 Vocatur-ibus.
798 671 897 727 Qui
919 672 1137 717 convivas
1159 671 1443 728 invitabant,
1462 669 1784 729 excipiebant,
1811 679 1857 715 et
1872 673 1974 716 loca
1989 671 2090 716 dis-

388 745 744 805 cumbentibus,
779 762 870 807 pro
910 747 1136 809 dignitate
1182 748 1412 809 cujusque
1437 782 1448 804 ,
1501 747 1779 792 statuebant.
1826 746 1896 791 Cf.
1934 749 2093 804 Pana,

387 822 446 865 H.
478 822 567 876 N„
597 838 738 880 xxxv,
770 839 852 880 io,
876 833 923 869 et
949 825 1153 881 Smuzc„
1178 826 1238 869 de
1264 827 1375 879 Ira,
1405 840 1492 882 111,
1531 823 1606 881 37.

456 909 563 954 Cu.
598 911 702 954 XL.
727 910 1057 955 Praetor-ianm.
1088 911 1267 971 Nempe
1289 911 1519 976 praetoriae
1550 908 1773 961 cohortis.
1805 908 1874 954 Cf.
1904 911 2066 953 Ticvr.
2083 942 2095 963 ,

389 986 590 1039 Annal.,
626 1000 673 1041 1,
700 1000 897 1043 773111,
935 992 1019 1043 14;
1043 1001 1162 1041 1¹11,
1192 984 1265 1031 15.

458 1070 778 1131 Composuisse
800 1073 882 1117 vel
899 1073 1111 1117 donasse.
1136 1099 1201 1107 —
1219 1072 1454 1132 Compono
1475 1071 1743 1133 negotium,
1768 1069 1853 1116 ubi
1887 1070 1946 1115 de
1981 1070 2093 1115 stri-

389 1154 466 1189 cto
489 1145 596 1203 jure
620 1146 802 1207 aliquid
824 1148 1034 1206 remitto,
1060 1148 1124 1192 ita
1157 1156 1209 1192 ut
1237 1156 1439 1208 utraque
1467 1163 1601 1207 pars,
1634 1146 1760 1192 litem
1802 1162 1900 1190 non
1932 1160 2096 1205 perse—

389 1230 584 1280 cutum,
630 1232 675 1268 et
711 1224 1015 1269 commodum
1046 1224 1227 1285 aliquid
1264 1224 1383 1269 ferat
1413 1233 1460 1269 et
1486 1224 1828 1270 detrimentum.
1863 1249 1928 1256 —
1963 1224 2097 1266 Dono

388 1297 655 1357 negotium,
687 1298 771 1342 ubi
794 1299 921 1343 litem
946 1315 1140 1359 prorsus
1163 1301 1378 1359 depono,
1393 1300 1567 1345 relictis
1588 1300 1660 1345 vel
1677 1299 1905 1344 concessis
1926 1298 2098 1343 adver-

390 1371 512 1416 sario
541 1372 760 1418 omnibus
783 1373 841 1418 de
868 1374 1040 1433 quibus
1062 1374 1338 1436 litigandum
1369 1383 1479 1419 erat.

461 1460 747 1505 Gerulorum.
775 1461 834 1505 H.
867 1477 904 1506 e.
939 1461 1221 1519 bajulorum.

458 1537 644 1581 Essent.
676 1538 747 1582 Ex
777 1538 983 1595 Ernest.,
1015 1554 1170 1583 annuo
1206 1539 1444 1601 vectigali3
1473 1540 1722 1584 Burmann.
1764 1548 1925 1585 contra
1962 1540 2101 1583 semel

391 1622 559 1656 exacto
581 1612 630 1657 in
662 1613 872 1676 conjugii
896 1614 1032 1659 initio
1056 1624 1102 1659 et
1131 1615 1190 1659 ab
1211 1615 1301 1661 illis
1325 1615 1410 1678 qui
1432 1616 1636 1676 primum
1659 1631 1830 1661 uxores
1862 1616 2100 1662 ducerent.

460 1701 565 1745 CAP.
596 1702 725 1746 XLI.
758 1702 866 1747 Vice
889 1718 990 1746 sua.
1021 1703 1093 1746 Sc.
1124 1702 1242 1747 talos
1261 1703 1480 1761 jaciendi.

461 1779 614 1822 Usum.
640 1780 759 1823 Rem
782 1788 939 1825 narrat
962 1780 1055 1825 Dio
1070 1814 1083 1836 ‚
1108 1794 1190 1824 Lxx
1209 1814 1221 1834 ,
1247 1795 1292 1840 p.
1331 1780 1440 1838 657.

459 1864 564 1909 Cn.
591 1865 745 1910 XLII.
787 1867 1022 1911 Volutatus
1052 1876 1133 1910 est.
1162 1867 1280 1925 Dio,
1303 1866 1418 1912 ibid.
1434 1902 1447 1924 ,
1475 1883 1521 1926 p.
1549 1867 1640 1913 662
1676 1883 1687 1909 :
1716 1865 1823 1930 ὲσγέ
1846 1890 1906 1915 τοι
1933 1875 1978 1915 τὸ
2012 1890 2100 1929 χρυ-

394 1947 475 1987 σίον
511 1948 648 1989 καὶτὸ
681 1948 857 2005 ἀργύριον
889 1951 934 1990 τὸ
972 1951 1251 2006 συλλεγόμενον
1281 1951 1354 1992 ἀπ’
1379 1953 1508 1992 αὐτῶν
1548 1948 1754 2007 {gaganum
1786 1951 1978 1992 ἑκάστοτε
2013 1953 2103 1991 ἐκκ-

391 2019 578 2065 λινδεῖτο.

457 2105 565 2149 Ωιι).
594 2105 768 2150 XLIII.
802 2104 1024 2150 Clitumni.
1051 2106 1172 2151 Vide
1198 2108 1334 2151 sz.
1351 2140 1364 2162 ,
1388 2108 1569 2166 Epist„
1596 2123 1692 2150 v111
1708 2140 1720 2161 ,
1746 2109 1788 2152 8.

464 2179 742 2240 Octoplzoro.
779 2181 836 2225 H.
878 2196 918 2225 e.
951 2181 1139 2238 lectica,
1184 2197 1287 2241 quae
1332 2183 1391 2226 ab
1435 2190 1544 2244 octo
1578 2182 1822 2226 lecticariis
1853 2181 2104 2226 ferebatur.

393 2258 561 2313 Mart.,
587 2272 664 2315 vx,
693 2255 752 2317 59
785 2273 795 2301 :

566 2400 794 2454 Octophoro
810 2414 923 2440 sanus
941 2409 1131 2455 portatur,
1158 2401 1291 2449 Avito,
1310 2400 1526 2454 Philippus.

465 2550 570 2593 cip.
596 2550 770 2594 XLIV.
802 2549 1020 2594 Maturis.
1054 2550 1127 2593 Sc.
1162 2549 1245 2608 qui
1268 2549 1498 2608 stipendia
1515 2529 1848 2608 (impleverant.

461 2624 844 2669 Consummatur-i.
869 2626 926 2669 1-1.
956 2640 995 2669 e.
1027 2623 1205 2669 finituri
1236 2626 1482 2684 stipendia.

457 2702 695 2745 Adminio.
724 2701 863 2745 Hunc
885 2709 1026 2745 vocat
1051 2701 1522 2760 filinocynobellc'num
1545 2703 1708 2757 Oros.,
1746 2717 1841 2757 vn,
1871 2700 1910 2745 5.

459 2789 563 2833 Cu».
589 2789 737 2832 XLV.
762 2789 1140 2847 Exploratorias.
1157 2791 1294 2833 Auct.
1321 2789 1533 2845 Bremio,
1558 2789 1686 2848 quod
1709 2789 1968 2848 exploratis
1997 2788 2109 2833 ami-

397 2864 462 2923 cis
485 2864 724 2909 darentur.
764 2866 868 2908 Imo
897 2864 965 2908 CI.
995 2866 1124 2909 Hase
1157 2865 1501 2910 assentiendum
1533 2865 1705 2911 dicenti
1735 2882 1745 2908 :
1782 2865 1845 2908 ob
1876 2867 2105 2924 explora-

396 2941 567 2984 tionem
593 2955 735 3000 quam
769 2949 1068 2999 susceperant
1089 2941 1188 2986 sine
1213 2940 1395 3001 proelio.

472 3016 626 3061 Versu.
649 3041 715 3050 ——-
736 3017 919 3061 AEneicl.
941 3049 957 3070 ,
985 3032 1004 3060 1
1023 3051 1037 3074 ,
1062 3032 1170 3074 207.
1376 3014 1380 3016 ’

471 3092 768 3152 Tempestiva.
801 3094 861 3138 H.
896 3107 935 3137 e.
960 3100 1068 3137 ante
1095 3094 1261 3139 horam
1285 3094 1465 3139 solitam
1493 3109 1654 3150 cennas,
1678 3107 1855 3137 nonam
1877 3094 1951 3138 vel
1975 3092 2104 3137 deci-

399 3185 521 3214 mam
545 3169 655 3226 diei,
680 3169 880 3229 incepta.
900 3168 970 3214 cf.
997 3171 1120 3214 Lus.
1148 3171 1208 3214 ad
1231 3170 1376 3215 Tacit.
1405 3172 1577 3214 Annal.
1593 3204 1606 3223 ‚
1634 3185 1733 3226 xiv,
1761 3184 1810 3225 2,
1830 3170 2024 3213 simus.
2050 3168 2108 3212 ad

400 3245 586 3304 Vopisc.
