2372 3918
1045 274 1230 320 NERO.
1898 292 1923 322 2
1932 276 1992 340 59

285 393 601 437 cunctantes
625 381 888 437 continuo
911 388 1195 449 curarent3
1211 401 1238 430 n
1274 377 1349 433 ita
1372 379 1518 433 enim
1544 380 1803 453 vocabat,
1830 402 1992 439 venas

287 482 477 538 mortis
495 480 668 559 gratia
691 477 944 535 incidere.
967 476 1233 534 Creditur
1253 478 1417 534 etiam
1435 476 1749 557 polyphago
1775 480 1993 539 cuidam

283 582 501 660 aegyptii
534 580 775 660 generis,
802 577 1033 636 crudam
1062 599 1314 650 carnem,
1343 589 1430 651 et,
1460 578 1723 656 quicquid
1752 579 1995 653 daretur,

284 680 545 738 mandere
587 690 828 752 assuet0,
857 679 1175 756 concupisse
1222 680 1375 736 vivos
1417 678 1668 736 homines
1709 677 1996 738 laniandos

287 779 760 857 absumendosque
787 778 1040 857 objicere.
1074 778 1268 836 Elatus
1300 778 1630 857 inflatusque
1658 779 1823 836 tantis
1845 778 1996 836 velut

285 881 619 938 successibus
635 922 653 953 ,
705 880 950 959 negavit,
990 904 1019 933 ι(
1049 900 1384 958 quemquam
1434 879 1751 959 principum
1802 880 1966 937 scisse
1983 923 1998 952 ,

285 980 419 1056 quid
445 980 549 1037 sibi
571 978 758 1037 liceret
785 1001 845 1036 z»
867 978 1185 1058 multasque
1209 999 1311 1037 nec
1341 979 1535 1039 dubias
1570 978 1997 1058 significationes

285 1100 426 1159 saepe
444 1080 575 1158 jecit
592 1125 607 1150 ,
627 1101 697 1137 ne
719 1079 943 1159 reliquis
960 1079 1188 1159 quidem
1213 1101 1270 1138 se
1299 1060 1594 1159 parsurum
1620 1079 1998 1151 senatoribus3

284 1200 520 1259 eumque
540 1181 791 1239 ordinem
812 1181 1158 1240 sublaturum
1183 1181 1517 1259 quandoque
1543 1201 1573 1237 e
1601 1178 1910 1259 republica,
1935 1202 1999 1239 ac

268 1276 593 1360 provincias
619 1295 676 1339 et
691 1284 964 1340 exercitus
995 1282 1168 1360 equiti
1192 1302 1424 1339 romano
1450 1302 1514 1339 ac
1530 1280 1742 1339 libertis
1770 1282 2001 1360 permis-

283 1403 489 1439 surum.
513 1385 673 1440 Certe
689 1404 867 1461 neque
883 1383 1196 1455 advenienS,
1221 1404 1401 1461 neque
1419 1382 1789 1461 proficiscens,
1808 1402 2001 1460 quem·

282 1503 448 1560 quam
478 1483 667 1541 osculo
700 1484 994 1561 impertiit,
1028 1504 1092 1540 ac
1128 1504 1199 1541 ne
1237 1482 1625 1541 resalutatione
1657 1482 1898 1560 quidem.
1928 1485 2003 1540 Et

284 1585 339 1640 in
376 1583 710 1663 auspicando
753 1605 916 1661 opere
968 1585 1194 1650 isthmi,
1232 1605 1432 1662 magna
1475 1584 1783 1661 frequentia
1818 1582 1965 1640 clare
1984 1627 1999 1652 ‚

282 1710 308 1736 «
328 1675 407 1742 Ut
435 1684 537 1741 sibi
563 1672 627 1741 ac
655 1683 863 1763 populo
885 1705 1115 1741 romano
1141 1685 1280 1742 bene
1303 1705 1392 1741 res
1423 1697 1692 1756 verteret,
1707 1708 1735 1738 ι)
1757 1684 1999 1763 optavit,

282 1783 619 1842 dissimulata
649 1796 868 1841 senatus
896 1785 1195 1842 mentione.
1845 1839 1853 1846 ,

357 1886 676 1942 XXXVIII.
709 1884 819 1942 Sed
850 1905 949 1942 nec
984 1882 1226 1963 populo,
1256 1896 1351 1941 aut
1388 1884 1658 1941 moenibus
1690 1885 1879 1962 patriae
1909 1904 2003 1961 pe-

282 1985 474 2062 percit.
503 1986 736 2043 Dicente
771 1984 1012 2062 quodam
1039 1985 1096 2041 in
1124 2005 1375 2043 sermone
1398 1986 1704 2058 communi,

542 2144 651 2211 ἐμοῦ
677 2154 861 2203 θανόντος
879 2155 981 2212 γαῖα
1005 2154 1188 2211 μιχθήτω
1215 2153 1327 2210 πυρί·

282 2293 502 2346 «Immo
527 2333 543 2362 ,
573 2314 601 2342 ›>
647 2291 828 2366 inquit
851 2333 866 2362 ,
903 2314 930 2342 «
957 2289 1086 2364 ἐμοῦ
1124 2289 1317 2364 ζῶντος.
1345 2315 1372 2343 »
1408 2289 1689 2368 Planeque
1720 2291 1797 2348 ita
1830 2290 1960 2348 fecit
1993 2313 2005 2346 ε

284 2412 413 2448 nam
431 2434 447 2464 ,
480 2391 637 2468 quasi
665 2390 908 2447 offensus
938 2390 1283 2448 deformitate
1323 2402 1572 2459 veterum
1612 2390 1967 2448 aedificiorum
1986 2434 2002 2461 ,

285 2505 341 2548 et
371 2493 639 2570 angustiis
680 2492 1011 2570 flexurisque
1040 2495 1317 2567 vicorum,
1363 2492 1607 2550 incendit
1651 2493 1860 2551 Urbem
1893 2505 2006 2549 tam

286 2591 496 2671 palam,
525 2605 589 2650 ut
632 2592 882 2671 plerique
922 2592 1237 2652 consulares
1285 2592 1653 2652 cubicularios
1691 2594 1836 2672 ejus,
1881 2614 2009 2651 cum

286 2707 485 2772 stuppa
529 2693 777 2771 taedaque
805 2695 863 2750 in
897 2693 1114 2772 praediis
1152 2696 1263 2752 suis
1297 2694 1666 2772 deprehensos
1681 2737 1697 2765 ,
1731 2715 1843 2751 non
1882 2695 2009 2751 atti-

290 2796 501 2873 gerint:
527 2806 581 2851 et
596 2793 843 2871 quaedam
860 2794 1058 2850 horrea
1081 2796 1226 2851 circa
1245 2794 1475 2852 domum
1492 2814 1742 2864 auream,
1769 2815 2008 2872 quorum

292 2895 530 2973 spatium
560 2895 795 2951 maxime
826 2892 1200 2965 desiderabat,
1235 2891 1357 2974 [ut]
1394 2892 1602 2951 bellicis
1629 2894 1898 2951 machinis
1930 2891 2008 2950 la-

290 2995 558 3052 befactata
593 3006 758 3071 atque
792 2993 1127 3051 inflammata
1155 2994 1292 3064 sint,
1326 2992 1475 3071 quod
1505 3013 1665 3050 saxeo
1693 3014 1854 3049 muro
1876 3014 2009 3050 con-

292 3108 500 3152 structa
533 3107 704 3152 erant.
754 3097 860 3152 Per
903 3115 996 3152 sex
1044 3094 1158 3152 dies
1198 3107 1514 3173 septemque
1543 3105 1730 3150 noctes
1759 3113 1821 3150 ea
1854 3091 2008 3150 clade

294 3197 539 3253 saevitum
558 3207 666 3269 est,
690 3194 760 3253 ad
780 3208 1259 3253 monumentorum
1282 3195 1680 3271 bustorumque
1700 3193 2009 3251 deversoria

294 3295 451 3373 plebe
480 3294 776 3374 compulsa.
809 3298 1210 3374 Tunc,praeter
1242 3297 1568 3353 immensum
1603 3315 1895 3351 numerum
1930 3295 2009 3349 in-

1684 3416 1766 3473 17.
