2372 3918
368 249 425 300 34
1019 246 1071 290 C.
1104 245 1390 291 SUETONII

368 344 577 403 nulium
609 348 843 425 spatium
870 349 1168 426 perterritis
1198 348 1375 404 dabat.
1412 346 1650 425 Ancipiti
1678 346 1865 422 proelio
1893 369 2057 425 equos

367 446 697 520 dimittebat,
735 460 790 503 et
827 449 882 503 in
919 450 1106 526 primis
1143 470 1336 520 suum,
1368 469 1478 524 quo
1508 448 1680 524 major
1709 449 2059 524 permanendi

369 547 649 604 necessitas
679 549 1069 624 imponeretur,
1099 548 1296 606 auxilio
1328 548 1468 626 fugae
1497 561 1698 625 erept0.

445 648 590 703 LXI.
634 646 907 702 Utebatur
949 658 1131 702 autem
1172 667 1313 723 equo
1357 648 1585 725 insigni,
1621 647 1849 724 pedibus
1891 668 2059 724 prope

367 747 650 817 humaniS,
680 757 734 800 et
762 747 821 800 in
852 744 1076 802 modum
1106 745 1402 822 digitorum
1434 746 1652 823 ungulis
1681 746 1816 803 fissis
1850 768 1863 802 :
1899 768 2057 823 quem

368 858 559 902 natum
587 843 733 922 apud
766 864 852 917 se,
882 865 1054 921 quum
1083 845 1394 923 haruspices
1419 846 1707 922 imperium
1737 847 1881 903 orbis
1908 859 2060 903 terrae

368 943 667 1021 significare
709 942 930 1000 domino
971 946 1445 1022 pronuntiassent,
1483 966 1680 1024 magna
1720 967 1851 1002 cura
1892 946 2059 1020 aluit3

371 1063 469 1100 nec
508 1043 799 1120 patientem
838 1045 1055 1101 sessoris
1091 1042 1314 1100 alterius
1348 1046 1556 1122 primus
1592 1045 1832 1102 ascendit
1863 1068 1876 1102 ε
1909 1048 2062 1123 cujus

369 1144 529 1200 etiam
561 1144 731 1200 instar
775 1164 875 1220 pro
920 1143 1032 1200 aede
1075 1146 1301 1201 Veneris
1335 1145 1638 1202 Genetricis
1685 1159 1871 1223 postea
1910 1145 2061 1203 dedi-

370 1245 526 1301 cavit.

448 1347 617 1401 LXII.
663 1343 984 1401 Inclinatam
1020 1345 1191 1399 aciem
1230 1342 1375 1399 solus
1414 1365 1552 1422 saepe
1590 1346 1851 1417 restituit,
1892 1346 2064 1402 obsis-

375 1456 494 1500 tens
524 1443 854 1520 fugientibus
871 1485 885 1514 ,
917 1443 1260 1518 retinensque
1289 1443 1559 1519 singulm,
1586 1456 1640 1499 et
1665 1446 1924 1500 contortis
1952 1445 2069 1501 fau-

371 1543 524 1599 cibus
548 1554 865 1598 convertens
894 1541 952 1596 in
976 1541 1189 1597 hostem
1219 1562 1231 1597 :
1264 1554 1318 1597 et
1342 1541 1562 1618 quidem
1585 1542 1720 1599 adeo
1747 1542 2070 1620 plerumque

371 1641 637 1720 trepidos,
661 1654 725 1697 ut
746 1638 994 1717 aquilifer
1018 1640 1253 1696 moranti
1276 1659 1331 1696 se
1354 1641 1574 1718 cuspide
1597 1643 1665 1697 sit
1687 1644 2069 1715 comminatus3

372 1742 509 1800 alius
537 1744 594 1800 in
623 1764 790 1800 manu
818 1741 1110 1798 detinentis
1138 1737 1416 1815 reliquerit
1442 1741 1675 1818 signum.

449 1844 650 1898 LXIII.
693 1844 823 1900 Non
853 1841 1068 1896 minora
1101 1836 1193 1895 illa
1225 1840 1541 1896 constantiae
1578 1843 1725 1918 ejuS,
1759 1843 1925 1900 immo
1960 1865 2071 1900 ma-

372 1942 488 2018 jora
536 1942 698 1997 etiam
716 1986 731 2014 ,
777 1940 975 1996 indicia
1023 1939 1242 1997 fuerint.
1290 1941 1420 1995 Post
1464 1941 1633 1997 aciem
1675 1943 2059 2006 Pharsalicam,

374 2061 545 2116 quum
568 2042 852 2118 praemissis
876 2041 933 2096 in
947 2041 1132 2097 Asiam
1146 2040 1314 2116 copiis
1333 2060 1430 2116 per
1443 2041 1719 2117 angustias
1737 2041 2071 2119 Hellesponti

374 2141 612 2197 vectoria
633 2139 883 2196 navicula
904 2141 1200 2218 trajiceret,
1226 2143 1287 2197 C.
1314 2140 1586 2210 Cassium,
1612 2142 1782 2218 partis
1805 2141 2042 2198 adversae
2057 2185 2072 2214 ,

378 2261 506 2297 cum
527 2240 710 2297 decem
736 2240 980 2297 rostratis
1005 2239 1234 2295 navibus
1264 2241 1486 2297 obvium
1511 2241 1612 2297 sibi
1638 2262 1813 2317 neque
1834 2241 2035 2319 refugit
2060 2264 2072 2297 ε

377 2352 433 2395 et
459 2341 703 2397 cominus
732 2340 955 2397 tendens
972 2384 986 2412 ,
1016 2339 1162 2398 ultro
1190 2342 1259 2398 ad
1284 2342 1611 2399 deditionem
1639 2342 1919 2413 hortatuS,
1950 2361 2076 2418 sup-

379 2438 572 2514 plicem
603 2440 672 2495 ad
702 2461 756 2496 se
784 2442 998 2518 recepit.

458 2541 656 2595 LXIV.
721 2538 1060 2595 Alexandriae
1079 2583 1094 2611 ,
1148 2541 1291 2596 circa
1344 2541 1805 2617 oppugnationem
1859 2539 2040 2616 pontis
2058 2581 2073 2609 ,

382 2641 666 2715 eruptione
702 2639 941 2695 hostium
979 2640 1158 2694 subita
1192 2639 1503 2717 compulsus
1540 2641 1596 2694 in
1628 2637 1889 2716 'scapham
1907 2681 1921 2709 ‚
1950 2637 2075 2714 plu-

383 2738 534 2794 ribus
558 2737 749 2794 eodem
779 2737 1263 2815 praecipitantibus,
1287 2760 1456 2814 quum
1484 2737 1783 2794 desiluisset
1811 2739 1868 2793 in
1895 2757 2043 2793 mare
2060 2780 2074 2808 ,

389 2835 570 2894 nando
600 2857 695 2913 per
723 2836 984 2893 ducentos
1012 2841 1199 2914 passus
1226 2838 1394 2892 evasit
1421 2836 1491 2892 ad
1519 2838 1822 2913 proximam
1852 2856 2043 2892 navem
2059 2878 2074 2905 ‚

385 2934 522 2992 elata
551 2934 712 3008 laeva,
740 2956 807 2991 ne
840 2934 1036 3007 libelli,
1068 2943 1205 3012 quos
1235 2936 1482 3006 tenebat,
1516 2934 1891 3007 madefierent3
1920 2933 2075 3010 palu-

379 3034 702 3094 damentum
731 3034 1005 3091 mordicus
1025 3036 1267 3105 trahens,
1296 3055 1364 3089 ne
1393 3032 1566 3110 spolio
1590 3034 1862 3109 potiretur
1888 3034 2073 3088 hostis,

464 3137 645 3192 LXV.
680 3133 910 3192 Militem
951 3153 1126 3210 neque
1169 3153 1202 3188 a
1247 3132 1485 3188 moribus
1505 3174 1520 3204 ,
1567 3152 1744 3207 neque
1785 3152 1817 3186 a
1859 3130 2079 3186 fortuna

374 3236 643 3308 probabat
665 3279 678 3307 ,
704 3235 796 3292 sed
825 3245 1034 3292 tantum
1065 3253 1096 3288 a
1127 3232 1359 3302 viribus3
1388 3232 1759 3306 tractabatque
1787 3230 1903 3305 pari
1928 3250 2077 3285 seve-
