2372 3918
975 266 1306 312 CLAUDIUS.
1901 281 1991 327 ²²7

289 370 426 427 nihil
465 383 578 429 tota
617 373 730 434 via.
774 391 966 448 quam,
1017 381 1227 427 essetne
1266 367 1368 426 sibi
1416 368 1627 426 salvum
1679 372 1995 449 imperium,

280 474 577 549 requirens,

359 575 648 631 XXXVII.
707 569 874 631 Nulla
924 571 1062 630 adeo
1105 573 1371 651 suspicio,
1415 570 1602 628 nullus
1644 584 1836 630 auctor
1881 586 1995 631 tam

281 670 416 730 levis
445 674 676 745 exstitit,
707 693 740 728 a
770 693 882 749 quo
908 692 1050 741 non,
1081 672 1344 729 mediocri
1377 670 1639 750 scrupulo
1670 672 1896 750 injecto,
1926 673 1995 730 ad

281 773 587 830 cavendum
616 753 1100 849 ulciscendumque
1130 771 1565 851 compelleretur.
1596 775 1757 830 Unus
1786 792 1853 828 ex
1881 770 1995 828 liti-

278 874 563 951 gatoribus
602 871 830 929 seducto
874 873 931 928 in
974 872 1299 930 salutatione
1329 873 1650 942 affirmavit,
1695 873 1895 929 vidisse
1939 894 1997 929 se

276 994 378 1051 per
408 975 676 1050 quietem,
719 972 896 1030 occidi
927 993 1055 1029 eum
1095 995 1128 1030 a
1155 972 1433 1051 quodam:
1479 973 1606 1030 dein
1640 972 1805 1051 paulo
1840 986 1995 1052 post,

277 1075 431 1150 quasi
468 1094 846 1151 percussorem
881 1087 1231 1153 agnosceret,
1278 1073 1521 1130 libellum
1553 1073 1862 1131 tradentem
1895 1074 1994 1130 ad-

272 1175 571 1231 versarium
611 1196 770 1232 suum
812 1174 1239 1247 demonstravit3
1280 1174 1674 1252 confestimque
1699 1176 1744 1231 is
1772 1195 1875 1252 pro
1904 1174 1997 1230 de·

272 1275 540 1351 prehenso
581 1275 649 1332 ad
694 1296 910 1354 poenam
943 1288 1134 1354 raptus
1163 1288 1260 1333 est.
1311 1277 1438 1332 Pari
1471 1275 1637 1331 modo
1671 1295 1993 1353 oppressum

275 1375 459 1432 ferunt
485 1377 727 1454 Appium
754 1376 1031 1433 Silanum:
1065 1370 1230 1454 quem
1254 1397 1427 1453 quum
1447 1375 1745 1433 Messalina
1771 1388 1827 1432 et
1853 1377 1996 1433 Nar-

275 1476 445 1534 cissus
469 1479 876 1555 conspirassent
900 1478 1155 1556 perdere,
1188 1477 1374 1535 divisis
1404 1478 1675 1555 partibuS,
1703 1476 1843 1534 alter
1867 1489 1995 1534 ante

273 1575 451 1634 lucem
486 1578 678 1635 similis
710 1580 943 1636 attonito
976 1580 1191 1656 patroni
1226 1577 1544 1636 cubiculum
1574 1579 1805 1656 irrupit,
1846 1578 1993 1634 affir-

272 1697 427 1733 mans
456 1678 754 1735 somniasse
783 1699 868 1749 se,
892 1680 1005 1735 vim
1035 1680 1085 1734 ei
1118 1680 1187 1735 ab
1213 1680 1393 1755 Appio
1425 1678 1631 1735 illatam
1660 1701 1673 1735 ε
1709 1677 1907 1747 altera,
1936 1680 1993 1735 in
2022 1663 2026 1667 Α

274 1779 695 1836 admirationem
729 1779 991 1850 formata,
1042 1779 1146 1836 sibi
1192 1778 1413 1856 quoque
1456 1778 1702 1836 eamdem
1753 1779 1993 1858 speciem

270 1878 479 1957 aliquot
504 1880 617 1957 jam
650 1879 906 1936 noctibus
938 1880 1246 1949 obversari,
1276 1878 1483 1935 retulit.
1516 1881 1633 1936 Nec
1660 1878 1838 1937 multo
1869 1894 1997 1957 post

269 2002 333 2038 ex
372 1983 677 2060 composito
710 1982 1016 2060 irrumpere
1050 1982 1258 2058 Appius
1294 1982 1620 2054 nunciatuS,
1661 1983 1749 2039 cui
1785 1982 1994 2061 pridie,

273 2083 343 2139 ad
374 2082 430 2139 id
458 2084 719 2162 temporis
743 2094 808 2139 ut
835 2081 1067 2148 adesset,
1101 2076 1438 2161 praeceptum
1468 2094 1615 2153 erat,
1645 2083 1801 2160 quasi
1833 2081 1997 2160 plane

273 2195 751 2261 repraesentaretur
799 2183 996 2239 somnii
1048 2182 1210 2254 fides,
1265 2184 1462 2239 arcessi
1513 2183 1695 2240 statim
1747 2204 1810 2240 ac
1852 2185 1995 2241 mori

267 2288 449 2364 jussus
478 2300 577 2345 est.
609 2289 728 2346 Nec
757 2287 1028 2345 dubitavit
1059 2300 1281 2366 postero
1311 2288 1402 2344 die
1425 2285 1715 2360 Claudius,
1745 2288 1997 2345 ordinem

273 2389 349 2444 rei
381 2401 543 2467 gestae
571 2389 815 2466 perferre
842 2388 911 2445 ad
943 2402 1219 2457 senatum,
1253 2409 1316 2445 ac
1347 2387 1545 2445 liberto
1574 2390 1778 2467 gratias
1808 2410 1995 2467 agere,

272 2487 417 2564 quod
443 2511 545 2567 pro
576 2488 749 2546 salute
779 2509 873 2546 sua
905 2489 1069 2545 etiam
1100 2488 1376 2546 dormiens
1402 2490 1710 2546 excubaret.

354 2591 670 2646 XXXVIII.
694 2594 798 2646 Irae
827 2602 991 2666 atque
1024 2589 1317 2646 iracundiae
1341 2590 1592 2646 conscius
1621 2590 1750 2660 sibi,
1781 2602 1998 2646 utrum-

280 2710 387 2767 que
415 2690 693 2745 excusavit
725 2689 934 2762 edicto;
981 2689 1366 2766 distinxitque,
1407 2689 1683 2767 pollicitus
1717 2713 1746 2742 α
1768 2688 1996 2746 alteram

257 2789 498 2866 ‚quidem
548 2790 767 2846 brevem
820 2801 874 2845 et
926 2790 1202 2846 innoxiam
1229 2832 1244 2857 ‚
1298 2789 1524 2846 alteram
1573 2811 1683 2847 non
1732 2790 1994 2866 injustam

280 2891 410 2947 fore.
438 2914 465 2943 »
498 2890 869 2959 Ostiensibus,
904 2889 1033 2966 quia
1066 2889 1166 2944 sibi
1201 2888 1458 2945 subeunti
1491 2890 1733 2946 Tiberim
1767 2888 1997 2966 scaphas

278 2992 494 3047 obviam
547 3011 659 3046 non
706 2990 985 3062 miserint,
1034 2990 1272 3068 graviter
1319 2991 1615 3067 correptiS,
1655 3010 1827 3066 eaque
1871 3009 1994 3045 cum

277 3091 507 3160 invidia,
537 3103 626 3162 ut,
660 3091 760 3146 «in
790 3090 1033 3147 ordinem
1058 3111 1115 3146 se
1131 3102 1412 3161 coactum,
1437 3113 1463 3141 n
1493 3089 1885 3155 conscriberet,
1914 3109 1998 3145 re-

280 3202 470 3266 pente,
502 3203 715 3248 tantum
755 3212 863 3247 non
905 3190 1281 3248 satisfacientis
1332 3190 1529 3260 mod0,
1576 3175 1790 3246 veniam
1828 3188 1994 3244 dedit.

283 3283 592 3363 Quosdam,
623 3293 678 3348 in
705 3290 926 3368 publico
955 3312 1148 3368 parum
1178 3292 1497 3368 tempestive
1523 3290 1810 3360 adeunteS,
1829 3309 1994 3345 manu

1673 3387 1754 3445 15.
