2372 3918
493 251 585 300 256
1150 253 1199 298 C.
1236 254 1521 299 SUETONII

492 357 643 432 quasi
689 355 1079 432 deprehensum
1121 356 1324 413 crimen
1368 354 1670 411 voluntaria
1714 369 1888 413 morte
1932 361 2165 417 vitasset.

492 454 782 511 Adduntur
828 454 910 510 his
965 454 1258 527 atrociora,
1311 455 1402 511 sed
1449 456 1665 512 incertis
1709 458 2045 528 auctoribuS‚
2102 461 2170 516 ad

491 552 770 609 visendum
815 551 1106 609 interfectae
1156 552 1383 609 cadaver
1438 555 1728 610 accurrisse
1746 596 1761 626 ,
1822 567 2173 613 contrectasse

493 652 763 724 membra,
784 650 888 707 alia
914 653 1274 727 vituperasse,
1298 650 1402 708 alia
1434 651 1674 708 laudasse
1691 695 1706 725 ,
1733 653 1927 728 sitique
1956 654 2171 711 interim

491 749 679 805 oborta
700 792 716 821 ,
768 749 983 805 bibisse.
1037 751 1227 825 Neque
1276 762 1457 806 tamen
1505 752 1887 806 conscientiam
1927 751 2172 823 sceleriS,

492 868 819 924 quamquam
848 860 901 903 et
928 847 1158 903 militum
1177 889 1192 918 ,
1215 860 1268 904 et
1289 861 1504 904 senatus
1536 848 1829 926 populique
1859 850 2174 928 gratulatio-

492 947 650 1002 nibus
674 947 1105 1018 confirmaretur,
1133 959 1227 1003 aut
1252 949 1433 1003 statim
1452 960 1548 1004 aut
1569 969 1808 1025 unquam
1830 961 2012 1026 postea
2034 950 2174 1006 ferre

492 1047 702 1122 potuit,
746 1066 883 1123 saepe
933 1046 1206 1102 confessus
1225 1090 1240 1117 ,
1284 1048 1538 1124 exagitari
1581 1068 1636 1103 se
1683 1060 1922 1104 materna
1968 1050 2142 1124 specie
2161 1092 2175 1118 ,

491 1145 912 1222 verberibusque
939 1146 1223 1202 Furiarum
1260 1166 1322 1202 ac
1363 1145 1510 1202 taedis
1548 1129 1872 1203 ardentibus.
1909 1148 2061 1218 Quin
2095 1162 2175 1217 et,

491 1242 631 1299 facto
659 1265 755 1320 per
781 1264 968 1322 magos
1000 1265 1151 1301 sacro
1169 1288 1184 1315 ,
1217 1265 1438 1301 evocare
1464 1265 1648 1300 manes
1677 1258 1730 1300 et
1755 1266 1975 1301 exorare
2011 1259 2178 1302 tenta-

491 1343 585 1397 vit.
621 1344 1057 1419 Peregrinatione
1101 1342 1320 1418 quidem
1361 1344 1611 1414 Graeciae,
1654 1342 1937 1398 Eleusiniis
1982 1347 2144 1400 sacris
2163 1388 2177 1415 ,

492 1461 724 1516 quorum
757 1441 1060 1496 initiatione
1086 1442 1237 1517 impii
1261 1453 1313 1496 et
1341 1439 1583 1497 scelerati
1604 1461 1734 1497 voce
1756 1443 2015 1518 praeconis
2038 1463 2182 1498 sum-

491 1552 796 1610 moventur,
825 1541 1082 1597 interesse
1111 1560 1222 1596 non
1252 1560 1412 1596 ausus
1440 1552 1534 1596 est.
1568 1544 1598 1596 J
1603 1541 1862 1616 unxitque
1893 1542 2181 1617 parricidio

493 1640 680 1695 matris
707 1640 881 1695 amitae
908 1660 1112 1696 necem.
1138 1641 1321 1712 Quam
1352 1661 1520 1716 quum
1544 1661 1608 1695 ex
1633 1640 1831 1695 duritie
1861 1638 1968 1696 alvi
1987 1642 2184 1697 cuban-

493 1751 601 1794 tem
627 1738 897 1809 visitaret,
931 1750 984 1794 et
1017 1737 1110 1794 illa
1128 1781 1144 1811 ,
1180 1750 1415 1796 tractans
1443 1738 1752 1817 lanuginem
1779 1740 1917 1816 ejus,
1942 1752 2006 1796 ut
2035 1761 2176 1796 asso-

492 1839 593 1911 let,
632 1841 744 1916 jam
787 1840 1003 1917 grandis
1051 1853 1213 1913 natu,
1265 1861 1364 1916 per
1411 1821 1884 1896 blanditias-forte
1929 1841 2182 1912 dixisset,

492 1964 519 1992 «
553 1928 711 1995 simul
763 1940 904 1995 hanc
954 1959 1241 2016 excepero,
1287 1941 1425 1995 mori
1480 1938 1603 1995 volo
1653 1960 1665 1993 :
1701 1964 1728 1992 n
1773 1959 2060 1996 conversus
2116 1941 2184 1995 ad

493 2039 767 2115 proximos
789 2081 804 2109 ,
839 2037 1121 2093 confestim
1154 2058 1210 2093 se
1251 2039 1590 2114 positurum,
1625 2036 1772 2093 velut
1807 2038 2036 2094 irridens
2076 2040 2184 2110 ait;

494 2138 852 2214 praecepitque
881 2136 1126 2206 mediciS,
1157 2149 1218 2192 ut
1247 2136 1446 2214 largius
1470 2148 1764 2213 purgarent
1792 2157 2006 2213 aegram.
2043 2140 2184 2195 Nec-

494 2235 623 2291 dum
656 2234 919 2291 defunctae
960 2236 1104 2291 bona
1142 2236 1373 2308 invasit,
1406 2256 1693 2313 suppresso
1737 2247 2084 2308 testamento,
2116 2258 2184 2291 ne

494 2333 623 2409 quid
655 2334 978 2391 abscederet.

570 2435 799 2491 XXXV.
830 2437 1039 2491 Uxores
1064 2448 1260 2512 praeter
1288 2438 1570 2492 Octaviam
1608 2435 1740 2491 duas
1771 2446 1956 2511 postea
1987 2434 2141 2490 duxit
2167 2456 2180 2489 ε

494 2535 779 2609 Poppaeam
823 2534 1110 2604 Sabinam,
1152 2535 1441 2609 quaestorio
1478 2546 1630 2609 patre
1673 2546 1888 2602 natam,
1923 2546 1978 2589 et
2020 2535 2183 2609 equiti

497 2650 722 2685 romano
762 2643 920 2685 antea
956 2642 1211 2707 nuptam;
1260 2630 1451 2687 deinde
1496 2630 1763 2688 Statiliam
1806 2631 2182 2701 Messalinam,

497 2730 663 2785 Tauri
687 2729 771 2785 bis
798 2729 1036 2786 consulis
1059 2750 1121 2786 ac
1143 2729 1482 2807 triumphalis
1510 2732 1816 2808 abneptem.
1846 2733 1972 2806 Qua
1999 2743 2059 2786 ut
2093 2751 2185 2805 po-

495 2828 712 2899 tiretur,
757 2829 934 2883 virum
986 2830 1123 2905 ejus,
1165 2830 1408 2885 Atticum
1446 2831 1731 2886 Vestinum
1782 2829 2078 2898 consulem,
2129 2829 2182 2882 in

495 2927 702 2982 honore
733 2927 849 3003 ipso
886 2927 1191 2983 trucidavit.
1227 2929 1463 2984 Octaviae
1493 2928 1933 2985 consuetudinem
1968 2929 2074 2983 cito
2105 2947 2185 2981 as-

495 3037 754 3102 pernatus
771 3070 786 3095 ,
816 3027 1230 3104 corripientibus
1260 3028 1444 3083 amicis
1463 3070 1477 3098 ,
1501 3052 1527 3080 «
1543 3028 1803 3084 Sufficere
1823 3025 1900 3082 illi
1924 3026 2141 3096 debere,
2159 3051 2184 3077 »

496 3124 803 3201 respondit,
851 3149 878 3178 c<
908 3127 1096 3182 uxoria
1139 3138 1469 3181 ornamenta.
1491 3151 1518 3179 ³>
1567 3126 1826 3182 Eamdem
1875 3144 2000 3179 mox
2047 3143 2184 3199 saepe

495 3221 694 3279 frustra
735 3223 1071 3301 strangulare
1100 3223 1414 3298 meditatus,
1445 3225 1649 3282 dimisit
1679 3238 1735 3281 ut
1769 3222 2003 3280 sterilem
2040 3243 2052 3277 ε
2091 3221 2183 3276 sed
