2372 3918
818 314 880 359 IN
914 313 963 358 C.
999 312 1041 357 J.
1076 309 1400 355 CAESAREM.
1877 307 1964 355 125

327 384 675 473 Expediendalr.
693 411 750 455 H.
770 425 808 454 e.
827 405 1180 467 comparandas,
1195 412 1247 448 ut
1262 405 1431 458 Caesar,
1451 404 1567 446 Bell.
1590 404 1733 458 Gall„
1749 421 1864 461 vm,
1890 404 1965 449 36.

321 490 364 534 E
390 489 600 549 vestigio.
625 488 682 532 H.
708 502 747 531 e.
776 484 943 530 statim.

326 568 454 611 Inter
460 565 638 623 jocum.
662 563 720 607 H.
745 578 784 607 e.
813 576 905 621 pet·
927 559 1089 619 jocum
1115 575 1126 602 ε
1151 559 1271 602 inter
1293 555 1462 615 saepius
1493 563 1562 599 est
1599 554 1722 600 idem
1755 558 1887 617 quod
1919 559 1966 601 in

251 642 323 687 vel
342 657 448 702 per.
476 641 544 687 Cf.
569 642 757 685 Dumna.
791 636 851 682 ad
882 636 1004 680 Flor.
1026 670 1039 691 ‚
1072 650 1142 692 11,
1168 633 1212 679 6.

317 718 561 762 Nutantes.
597 717 654 761 H.
681 730 720 759 e.
745 713 805 758 ad
835 710 1147 757 defectionem
1169 709 1460 756 inclinantes.
1494 708 1666 766 Tacit.,
1701 709 1848 765 Hist„
1879 724 1968 766 ιιι,

258 793 314 839 ι8
343 809 355 838 2
384 813 403 833 α
418 794 666 839 Nutantem
689 789 834 834 aciem
858 788 1012 833 victor
1038 786 1280 846 equitatus
1304 785 1526 830 incursat.
1549 804 1573 826 n
1683 773 1687 775 ’

317 870 426 914 Cn.
443 871 500 913 V.
513 870 750 913 Auctor-es.
764 868 995 910 Auctores
1004 862 1197 908 fuerunt
1208 860 1435 922 praecipui
1446 860 1698 920 Pompeius
1715 868 1762 905 et
1774 861 1966 905 Crassus

251 961 369 991 coss.
385 947 440 991 A.
460 945 518 991 U.
533 943 642 999 684.
656 943 774 989 vell.
788 977 802 999 ,
821 957 875 997 11,
893 941 952 987 30
970 956 981 984 :
1000 960 1019 981 «
1037 941 1140 985 Hoc
1152 940 1400 984 consulatu
1411 936 1663 997 Pompeius
1677 936 1969 982 tribunitiam

250 1030 532 1081 potestatem
545 1018 772 1076 restituit,
786 1018 859 1076 cuj
868 1034 919 1063 us
935 1018 1064 1063 Sulla
1078 1016 1331 1077 imaginem
1347 1015 1444 1060 sine
1457 1014 1564 1074 jure
1582 1014 1854 1074 reliquerat.
1871 1033 1891 1054 ι»

318 1098 635 1143 Deminuerat.
673 1094 901 1154 Appian.,
930 1096 984 1138 B.
1025 1093 1072 1138 C.
1088 1126 1103 1148 ‚
1137 1108 1179 1149 1,
1205 1107 1254 1152 p.
1291 1093 1382 1144 413
1413 1107 1424 1135 t
1449 1099 1529 1144 Τὴν
1558 1094 1607 1139 δὲ
1641 1102 1719 1139 τῶν
1747 1095 1968 1153 δημάρχων

247 1185 317 1227 ἶσοι
340 1180 409 1224 καὶ
433 1181 599 1233 ἀνεῖλεν,
623 1180 924 1223 ἀσθενιστοίτην
952 1178 1181 1234 ἀποφήνας,
1202 1175 1273 1218 καὶ
1288 1176 1396 1233 νόμῳ
1418 1176 1601 1224 κωλύσας
1621 1170 1830 1233 μηδεμίαν
1847 1175 1968 1218 ἄλλην

246 1259 312 1301 τὸν
338 1254 549 1315 δήμαρχον
575 1257 699 1313 ἀρχὴν
727 1257 786 1298 ἔτι
811 1257 960 1312 ἄρχειν.

313 1328 428 1372 Post
450 1342 622 1371 necem.
649 1327 705 1370 H.
742 1341 781 1369 e.
813 1334 923 1385 post
948 1334 1148 1370 mortem
1173 1341 1183 1369 :
1212 1339 1306 1368 nex
1328 1323 1389 1368 de
1413 1330 1567 1367 morte
1589 1319 1795 1366 naturali
1817 1320 1969 1364 inter-

255 1403 383 1449 dum.
408 1404 612 1459 Seneca,
641 1402 823 1447 Consol.
850 1404 919 1446 ad
940 1403 1121 1456 Mam,
1148 1417 1224 1445 xu
1253 1418 1263 1446 :
1291 1403 1488 1461 «Agunt
1521 1413 1645 1459 opus
1667 1414 1800 1443 suum
1831 1397 1924 1442 fata
1952 1413 1964 1441 ε

216 1471 219 1475 ’
247 1479 386 1526 nobis
418 1495 606 1525 sensum
637 1488 807 1524 nostrae
829 1478 956 1524 necis
987 1478 1220 1524 auferunt.
1251 1497 1270 1518 »

259 1558 261 1561 ⁴
319 1557 589 1617 Rogatione.
629 1558 699 1600 De
738 1557 977 1617 rogatione
1012 1570 1064 1600 ac
1096 1557 1205 1615 lege
1239 1553 1303 1598 sic
1342 1554 1504 1599 Festus
1541 1568 1551 1596 ε
1595 1572 1620 1594 α
1637 1553 1836 1613 Rogatio
1874 1561 1970 1607 est,

249 1648 392 1694 quum
415 1634 621 1693 populus
638 1633 898 1678 consulitur
922 1632 980 1677 de
999 1647 1098 1676 uno
1122 1630 1397 1690 pluribusve
1412 1628 1683 1674 hominibus
1694 1665 1708 1688 ,
1725 1629 1858 1689 quod
1871 1644 1970 1674 non

247 1710 308 1756 ad
335 1724 495 1755 omnes
520 1709 779 1769 pertineat,
806 1718 853 1755 et
883 1709 943 1755 de
967 1724 1065 1753 una
1080 1706 1356 1768 pluribusve
1381 1707 1550 1764 rebus,
1578 1706 1637 1751 de
1662 1706 1836 1766 quibus
1866 1721 1967 1751 non

250 1786 469 1831 omnibus
494 1785 740 1831 sanciatur.
774 1789 894 1832 Nam
926 1785 1058 1845 quod
1087 1784 1137 1828 in
1163 1799 1323 1829 omnes
1347 1783 1562 1829 homiues
1589 1798 1724 1828 resve
1751 1783 1960 1843 populus

250 1863 408 1920 scivit,
433 1865 513 1907 lex
540 1862 817 1922 appellatur.
843 1882 862 1903 ιι
942 1920 944 1922 -

316 1939 604 1985 Concionem.
630 1938 884 1984 Concionis
906 1938 1047 1998 hujus
1075 1938 1363 1984 mentionem
1391 1937 1536 1982 habet
1564 1921 1683 1983 Geli.
1698 1971 1712 1995 ,
1735 1952 1835 1981 x111
1852 1972 1864 1993 ,
1891 1938 1934 1982 3.

311 2015 422 2061 Car.
439 2017 521 2062 VI.
535 2016 629 2061 Pro
652 2016 830 2061 rostris.
844 2017 916 2061 De
929 2014 1011 2061 illo
1036 2031 1169 2061 more
1192 2024 1409 2061 mortuos
1431 2013 1660 2059 laudandi
1674 2029 1764 2074 pro
1781 2014 1967 2072 rostris,

247 2091 356 2138 vide
380 2094 557 2138 Pomm.
572 2128 584 2150 ,
608 2108 658 2136 w
675 2126 687 2147 ‚
723 2091 798 2137 53.

312 2169 489 2213 Marcii
517 2184 660 2229 reges.
680 2194 745 2202 -
770 2170 904 2226 Rex,
928 2169 1117 2214 Marciae
1151 2168 1303 2230 gentis
1334 2184 1599 2231 cognomen
1629 2167 1742 2226 fuit,
1774 2183 1878 2228 quae
1908 2168 1967 2212 ab

247 2247 381 2291 Anco
404 2243 585 2288 Marcio
618 2259 728 2304 rege
751 2259 799 2289 se
823 2244 1073 2291 oriundam
1097 2245 1357 2304 jactitabat.

317 2323 361 2365 A
390 2321 579 2364 Venere.
603 2318 726 2365 Vide
749 2321 900 2366 Vzu..
916 2356 929 2379 ,
965 2337 1005 2366 11
1024 2356 1035 2377 ,
1069 2327 1145 2376 41.

321 2396 603 2442 Caerimonia
629 2396 838 2442 deorum.
862 2397 919 2441 H.
945 2411 985 2442 e.
1009 2397 1230 2459 religiosa
1252 2398 1505 2443 veneratio.

322 2472 655 2530 Quaestionem.
684 2471 792 2518 Scil.
817 2472 1050 2532 judicium
1075 2483 1206 2522 extra
1231 2474 1464 2519 ordinem.

315 2550 424 2595 Car.
450 2550 552 2593 VII.
569 2549 819 2595 Mandata.
841 2552 1112 2606 Quaestores
1135 2550 1260 2595 enim
1284 2559 1330 2595 et
1347 2548 1722 2609 jurisdictionem
1756 2551 1969 2611 praetoris

250 2624 473 2671 mandatu
496 2639 736 2682 exercere,
753 2633 800 2671 et
824 2625 1108 2672 discedentis
1130 2626 1344 2687 praetoris
1359 2640 1554 2672 munere
1578 2625 1713 2688 fungi
1737 2627 1967 2673 solebant.

318 2701 580 2758 Conuemus.
605 2726 671 2735 —-
698 2702 949 2748 Conventus
978 2712 1020 2749 et
1044 2702 1232 2762 judicia
1267 2711 1399 2749 erant
1436 2702 1738 2763 provincialia
1771 2704 1832 2749 ad
1863 2720 1968 2765 quae

249 2780 592 2825 conveniebant
617 2779 777 2835 incolae
800 2796 824 2826 a
852 2788 1053 2840 praetore
1074 2782 1149 2827 vel
1182 2789 1413 2842 quaestore
1430 2780 1640 2826 evocati.

319 2854 615 2913 Conjectooes.
654 2854 860 2912 Quintil.
879 2892 892 2915 ,
918 2873 978 2902 ιιι
997 2891 1010 2914 ,
1034 2856 1091 2915 6,
1120 2857 1207 2902 30:
1235 2877 1254 2897 «ι
1271 2856 1575 2903 Somniorum
1591 2867 1732 2919 atque
1757 2859 1967 2904 omnium

248 2932 525 2993 interpretes
546 2931 827 2990 conjectores
844 2943 1090 2979 vocantur.
1105 2954 1129 2975 n
1157 2934 1251 2980 Cic.
1268 2967 1282 2992 ,
1305 2935 1365 2979 de
1386 2934 1488 2980 Dio.
1503 2968 1517 2991 ‚
1542 2951 1604 2992 u,
1641 2936 1703 2984 65
1729 2952 1741 2981 z
1766 2956 1786 2978 «ι
1803 2937 1968 2982 Defert

252 3009 314 3055 ad
336 3008 639 3067 conjectorem
674 3009 868 3070 quidam
905 3010 1159 3057 somniasse
1196 3027 1271 3066 se,
1306 3026 1447 3056 ovum
1482 3012 1694 3071 pendere
1731 3029 1789 3058 ex
1828 3014 1967 3059 fascia

249 3086 358 3132 lecti
383 3086 453 3132 sui
484 3086 775 3134 cubicularis.
798 3107 815 3128 »ι

315 3165 423 3211 Cn».
450 3166 577 3209 v111.
607 3164 822 3214 Colonias
855 3167 1041 3213 latinas.
1070 3169 1222 3214 Intell.
1254 3170 1413 3213 Gallos
1439 3168 1700 3229 Cisalpinos
1723 3171 1964 3229 Transpa-

250 3240 419 3298 danos,
443 3240 616 3301 quibus
635 3240 709 3300 jus
733 3241 855 3287 Latii
877 3252 986 3303 post
1005 3244 1183 3290 bellum
1205 3245 1454 3294 marsicum
1479 3247 1580 3308 lege
1598 3245 1812 3307 Pompeii
1834 3249 1966 3292 Stra-

249 3318 415 3376 bonis,
444 3318 591 3378 patris
618 3319 808 3379 Magni,
833 3320 993 3366 datum
1021 3323 1189 3369 fuerat.
