2372 3918
1023 237 1202 282 NERO.
1857 234 1946 282 253

270 345 353 402 Ad
386 345 531 401 hunc
564 342 956 421 impendiorum
994 338 1259 408 furorem,
1290 356 1451 413 super
1493 336 1746 394 fiduciam
1785 339 1951 417 impe-

267 445 331 499 rii
352 486 367 514 ,
399 444 557 500 etiam
585 463 677 521 spe
706 438 935 518 quadam
969 437 1250 513 repentina
1284 437 1664 492 immensarum
1688 447 1741 491 et
1771 458 1952 494 recou-

266 542 501 598 ditarum
536 561 699 619 opum
729 535 989 617 impulsus
1015 547 1128 605 est,
1155 556 1219 591 ex
1246 534 1446 591 indicio
1479 535 1673 610 equitis
1709 537 1949 605 romani,

267 662 366 718 pro
395 652 667 717 comperto
700 635 1033 715 pollicentiS,
1062 635 1343 692 thesauros
1375 633 1758 709 antiquissimae
1784 654 1950 710 gazae,

266 761 402 816 quos
429 739 572 798 Dido
593 738 783 815 regina
808 736 1019 814 fugiens
1043 737 1188 811 Tyro
1216 753 1399 791 secum
1421 730 1700 788 extulisset
1716 773 1732 804 ‚
1758 751 1872 788 esse
1896 733 1949 787 in

263 838 443 895 Africa
477 837 786 894 vastissimis
823 834 1088 912 specubus
1129 833 1369 903 abditos,
1398 850 1460 888 ac
1491 850 1650 909 posse
1683 832 1800 886 erui
1834 851 1955 907 par-

262 936 391 993 vula
416 934 756 993 molientium
785 955 967 1012 opera.

340 1035 573 1092 XXXII.
602 1036 808 1091 Verum
843 1046 904 1090 ut
939 1054 1059 1111 spes
1091 1032 1310 1106 fefellit,
1340 1032 1627 1089 destitutus
1645 1074 1660 1102 ‚
1691 1043 1853 1108 atque
1881 1032 1955 1087 ita

258 1133 371 1207 jam
389 1134 679 1190 exhaustus
707 1146 762 1190 et
786 1154 974 1212 egens,
1003 1145 1065 1190 ut
1096 1132 1362 1211 stipendia
1390 1152 1605 1210 quoque
1628 1131 1889 1203 militum,
1906 1144 1960 1188 et

262 1232 546 1290 commoda
576 1245 987 1306 veteranorum,
1021 1233 1268 1310 protrahi
1301 1252 1363 1288 ac
1392 1231 1599 1288 differri
1636 1251 1849 1287 necesse
1881 1251 1960 1287 es-

268 1345 381 1404 set,
409 1331 688 1389 calumniis
722 1334 1033 1410 rapinisque
1073 1332 1306 1388 intendit
1331 1332 1586 1388 animum.
1613 1333 1753 1388 Ante
1778 1331 1959 1387 omnia

267 1432 530 1502 instituit,
563 1444 622 1487 ut
639 1453 669 1488 e
686 1431 1007 1488 libertorum
1040 1430 1416 1489 defunctorum
1438 1431 1595 1488 bonis
1611 1450 1714 1508 pro
1741 1432 1955 1486 semisse

266 1530 488 1587 dextans
521 1532 569 1587 ei
599 1543 899 1609 cogeretur,
925 1532 1017 1608 qui
1045 1533 1160 1588 sine
1186 1530 1453 1608 probabili
1481 1550 1640 1587 causa
1659 1549 1723 1585 eo
1743 1529 1961 1585 nomine

269 1629 522 1702 fuissent,
544 1651 653 1707 quo
681 1643 856 1686 essent
876 1629 999 1687 ullae
1023 1629 1236 1687 familiae
1252 1673 1267 1702 ,
1294 1650 1427 1707 quas
1448 1630 1563 1706 ipse
1586 1629 1925 1705 contingeret
1947 1650 1960 1684 ε

270 1729 493 1800 deinde,
545 1742 606 1785 ut
662 1731 999 1806 ingratorum
1055 1731 1111 1784 in
1160 1730 1461 1806 principem
1516 1740 1839 1784 testamenta
1896 1726 1965 1782 ad

260 1828 460 1885 ''fiscum
489 1829 825 1905 pertinerent
852 1849 866 1884 z
900 1849 994 1897 ac,
1025 1848 1093 1883 ne
1118 1829 1342 1904 impune
1371 1838 1510 1883 esset
1529 1826 1780 1882 studiosis
1798 1826 1964 1901 juriS,

269 1929 364 2005 qui
388 1928 724 2005 scripsissent
754 1927 839 1984 vel
869 1927 1158 1984 dictassent
1176 1948 1240 1983 ea
1271 1949 1283 1983 :
1313 1918 1428 1983 tum
1448 1969 1464 1995 ‚
1490 1938 1552 1981 ut
1579 1924 1694 2003 lege
1720 1925 1966 2002 majesta-

268 2029 337 2084 tis
381 2028 520 2084 facta
571 2027 823 2103 dictaque
872 2028 1055 2083 omnia
1074 2070 1090 2097 ‚
1135 2027 1332 2103 quibus
1378 2025 1540 2081 modo
1593 2023 1803 2080 delator
1853 2045 1965 2080 non

272 2127 479 2183 deesset
497 2170 511 2196 ‚
547 2139 878 2184 tenerentur.
924 2128 1215 2183 Revocavit
1253 2138 1308 2182 et
1350 2126 1570 2203 praemia
1606 2144 1965 2203 coronarum,

273 2246 391 2302 qua>
420 2246 662 2302 unquam
696 2227 796 2282 sibi
825 2227 881 2281 in
916 2225 1302 2283 certaminibus
1343 2226 1585 2280 civitates
1629 2222 1967 2280 detulissent.

273 2328 342 2382 Et
387 2344 556 2401 quum
585 2324 949 2381 interdixisset
982 2346 1142 2381 usum
1176 2325 1525 2400 amethystini
1564 2344 1627 2379 ac
1657 2324 1783 2400 tyrii
1826 2321 1971 2379 eolo-

274 2425 379 2494 riS‚
441 2424 898 2501 summisissetque
922 2466 937 2494 ,
989 2426 1084 2501 qui
1146 2424 1514 2480 nundinarum
1568 2422 1654 2478 die
1713 2421 1971 2499 pauculas

278 2524 462 2579 uncias
504 2522 791 2595 venderet,
837 2522 1110 2601 praeclusit
1154 2536 1377 2579 cunctos
1415 2523 1789 2599 negotiatores.
1821 2522 1972 2594 Quin

275 2621 436 2677 etiam
451 2621 591 2677 inter
610 2622 913 2678 canendum
940 2621 1369 2679 animadversam
1390 2634 1694 2678 matronam
1720 2641 1750 2676 e
1773 2632 1975 2697 specta·

279 2719 440 2792 culiS,
471 2721 639 2776 vetita
676 2740 921 2797 purpura
953 2719 1189 2789 cultam,
1223 2721 1620 2778 demonstrasse
1658 2733 1978 2798 procurato-

277 2819 426 2875 ribus
449 2819 557 2875 suis
583 2818 807 2889 dicitur;
837 2818 1242 2895 detractamque
1269 2818 1442 2892 illico,
1472 2840 1582 2876 non
1609 2831 1756 2876 veste
1785 2818 1974 2889 mode,

279 2916 372 2974 sed
398 2929 451 2973 et
474 2917 630 2973 bonis
658 2918 820 2973 exuit.
857 2915 1011 2975 Nulli
1040 2917 1307 2996 delegavit
1323 2917 1560 2975 officium
1579 2961 1594 2990 ‚
1625 2931 1687 2974 ut
1711 2938 1822 2973 non
1848 2917 1977 2994 adji-

279 3028 448 3087 ceret,
481 3040 507 3068 «
532 3016 663 3087 scis,
693 3015 823 3092 quid
863 3016 996 3072 mihi
1037 3037 1173 3094 opus
1218 3018 1286 3072 sit
1319 3038 1384 3073 ι»
1413 3028 1499 3087 et,
1525 3040 1551 3067 α
1576 3017 1681 3073 hoc
1719 3036 1974 3094 agamus,

279 3134 347 3170 ne
375 3115 494 3190 quis
518 3115 806 3191 quicquam
833 3114 1044 3172 habeat.
1062 3140 1088 3169 »
1114 3115 1349 3188 Ultimo,
1370 3114 1581 3194 templis
1605 3114 1976 3192 compluribus

282 3212 425 3269 dona
461 3212 725 3286 detraxit,
758 3213 1147 3292 simulacraque
1180 3237 1244 3272 ex
1277 3236 1411 3272 auro
1448 3214 1527 3272 vel
1559 3225 1786 3292 argento
1815 3213 1979 3270 fabri-
