2372 3918
419 333 506 379 188
1071 331 1121 381 C.
1156 329 1442 377 SUETONII

413 435 785 514 poenitentiam
823 432 1116 505 simulans,
1158 433 1305 510 quod
1349 430 1730 511 principalium
1773 453 1954 489 rerum
1993 437 2104 512 pri·

412 537 549 592 vatis
591 535 803 612 copiam
842 533 1053 591 faceret.
1096 535 1484 610 Compererat,
1524 530 1913 609 provincialem
1956 532 2104 590 locu-

413 633 611 712 pletem
638 634 872 690 ducenta
900 633 1144 689 sestertia
1173 652 1485 689 numerasse
1513 632 1888 704 vocatoribus,
1915 644 1979 688 ut
2010 654 2106 710 per

413 732 685 815 fallaciam
716 733 970 790 convivio
998 733 1461 808 interponeretur,
1487 752 1589 788 nec
1618 730 1818 787 tulerat
1846 730 2104 803 moleste,

415 845 524 907 tam
561 853 760 910 magno
789 831 1058 887 aestimari*
1075 831 1343 886 honorem
1371 852 1535 887 coenae
1561 852 1686 887 suae.
1718 833 1859 887 Huic
1887 843 2108 908 postero

415 932 503 987 die
541 931 747 987 sedenti
791 932 848 986 in
893 929 1150 986 auctione
1190 931 1369 1001 misit,
1410 931 1505 1007 qui
1545 931 1726 987 nescio
1763 931 1895 1007 quid
1928 929 2104 986 frivoli

416 1028 662 1087 ducentis
684 1028 943 1104 nullibus
986 1029 1261 1099 traderet,
1309 1029 1618 1107 diceretque
1642 1073 1658 1102 ,
1701 1055 1728 1083 α
1768 1044 2109 1087 coenaturum

416 1132 562 1208 apud
595 1134 892 1201 Caesarem,
925 1141 1121 1186 vocatu
1155 1130 1338 1207 ipsius.
1369 1155 1396 1183 »

497 1234 614 1286 XL.
659 1229 962 1306 Vectigalia
1007 1249 1147 1285 nova
1196 1242 1360 1305 atque
1408 1229 1689 1300 inaudita,
1737 1233 1971 1307 primum
2016 1253 2113 1308 per

417 1329 766 1407 publicanos,
793 1328 987 1384 deinde
1005 1372 1020 1398 ,
1049 1330 1178 1405 quia
1207 1326 1420 1383 lucrum
1451 1329 1813 1401 exuberabat,
1846 1351 1944 1407 per
1987 1351 2112 1386 cen·

418 1431 658 1484 turiones
688 1428 1046 1503 tribunosque
1071 1428 1422 1504 praetorianos
1450 1430 1715 1498 exercuit,
1745 1428 1896 1485 nullo
1927 1450 2109 1486 rerum

418 1541 512 1584 aut
551 1529 837 1584 hominum
882 1547 1078 1604 genere
1125 1527 1323 1582 omisso
1348 1569 1362 1595 ,
1408 1528 1496 1582 cui
1531 1549 1641 1583 non
1682 1529 1872 1583 tributi
1908 1529 2115 1605 aliquid

419 1631 735 1705 imponeret.
766 1631 874 1684 Pro
909 1625 1188 1696 edulibus,
1217 1646 1338 1702 quae
1370 1638 1482 1681 tota
1512 1627 1665 1684 Urbe
1693 1629 1970 1697 venirent,
1999 1650 2114 1684 cer-

420 1741 536 1783 tum
565 1738 935 1802 statutumque
957 1726 1310 1805 exigebatur:
1342 1747 1441 1802 pro
1475 1725 1657 1782 litibus
1684 1739 1846 1803 atque
1869 1728 2114 1804 judiciiS,

420 1827 731 1904 ubicunque
776 1826 1086 1901 conceptis,
1135 1824 1546 1902 quadragesima
1593 1848 1848 1899 summae,
1895 1827 1961 1882 de
2008 1849 2115 1903 qua

420 1906 759 2003 litigaretur3
787 1945 885 1980 nec
919 1925 1034 1981 sine
1068 1944 1259 2000 poena,
1290 1925 1334 1978 si
1367 1926 1485 2000 quis
1513 1928 1876 2002 composuisse
1904 1926 1988 1981 vel
2018 1926 2115 1981 do-

421 2045 574 2080 nasse
615 2025 893 2101 negotium
936 2024 1352 2079 convinceretur
1393 2045 1406 2079 z
1446 2044 1512 2079 ex
1550 2024 1863 2101 gerulorum
1908 2026 2114 2081 diurnis

422 2125 720 2200 quaestibus
771 2144 896 2200 pars
949 2135 1139 2195 octava
1165 2166 1181 2193 ,
1242 2143 1309 2178 ex
1357 2124 1597 2199 capturis
1656 2126 2070 2201 prostitutarum
2101 2168 2115 2195 ,

422 2235 688 2298 quantum
725 2243 953 2299 quaeque
988 2243 1100 2293 uno
1135 2223 1429 2278 concubitu
1463 2236 1712 2278 mereret.
1746 2224 2117 2300 Additumque

423 2320 492 2376 ad
522 2334 687 2398 caput
716 2321 881 2400 legiS,
916 2310 977 2377 ut
1010 2334 1327 2378 tenerentur
1355 2321 1575 2398 publico
1593 2366 1608 2395 ,
1637 2334 1690 2379 et
1721 2344 1842 2399 quae
1877 2325 2118 2379 meretri-

421 2422 599 2491 cium,
642 2434 695 2476 et
734 2423 826 2497 qui
864 2420 1196 2477 lenocinium
1234 2421 1516 2492 fecissent3
1553 2442 1654 2476 nec
1691 2443 1801 2477 non
1842 2435 1895 2477 et
1927 2423 2116 2478 matri-

372 2540 373 2543 ’
422 2521 867 2576 moniaobnoxia
892 2534 1086 2584 essent.

499 2623 644 2675 XLI.
676 2620 959 2695 Ejusmodi
989 2618 1336 2696 vectigalibus
1374 2619 1589 2676 indictis
1606 2664 1622 2693 ,
1650 2641 1825 2697 neque
1865 2623 2116 2699 proposi·

406 2710 490 2773 'tis
511 2759 527 2789 ,
567 2737 736 2793 quum
773 2737 871 2793 per
902 2719 1266 2795 ignorantiam
1301 2720 1582 2795 scripturae
1616 2720 1790 2776 multa
1829 2722 2114 2776 commissa

422 2816 613 2879 fierent
633 2859 647 2888 ,
677 2816 896 2872 tandem
926 2817 1204 2894 flagitante
1237 2816 1443 2894 populo
1470 2821 1756 2896 proposuit
1787 2820 2005 2896 quidem
2041 2819 2114 2875 le-

422 2936 569 2993 gem,
595 2916 686 2972 sed
707 2918 1170 2974 vetminutissimis
1204 2916 1397 2974 litteris
1416 2961 1430 2990 ,
1462 2931 1515 2973 et
1542 2921 1924 2995 angustissimo
1959 2919 2079 2975 loco
2102 2963 2116 2991 ,

423 3016 503 3070 uti
531 3035 598 3070 ne
623 3017 712 3093 cui
738 3015 1041 3072 describere
1065 3015 1267 3071 liceret.
1291 3018 1396 3088 Ac,
1425 3038 1493 3073 ne
1520 3019 1668 3094 quod
1686 3040 1803 3074 non
1832 3019 2112 3074 manubia-

411 3134 546 3171 ⁴rum
590 3134 761 3190 genus
793 3113 1509 3191 experiretur,.lupanarin
1547 3116 1754 3173 Palatio
1791 3118 2069 3174 constituit
2099 3140 2110 3172 ε

423 3212 793 3288 distinctisque
819 3226 871 3268 et
899 3213 1172 3268 instructis
1195 3233 1294 3288 pro
1319 3212 1425 3269 loci
1452 3213 1718 3292 dignitate
1741 3215 2115 3292 compluribus

425 3310 594 3380 celliS,
619 3311 674 3366 in
700 3311 896 3386 quibus
928 3323 1186 3365 matronae
1215 3312 1544 3388 ingenuique
1575 3326 1805 3385 starent,
1835 3315 1980 3370 misit
2009 3317 2113 3371 cir-
