2372 3918
385 296 409 340 5
418 311 443 339 α
827 293 876 338 C.
907 294 1151 364 SUETON
1157 295 1203 338 11
1243 291 1675 338 VESPASIANUS.

384 394 532 451 lcum
567 396 866 474 derepente
902 399 1195 476 patuisset,
1241 395 1482 453 et'stella
1515 396 1721 452 crinita
1766 395 1823 450 in
1858 395 1995 452 coelo
2027 417 2125 475 ap·

380 498 650 572 paruisset
677 519 690 554 z
717 495 951 555 alterum
977 498 1049 556 ad
1076 499 1299 555 Juniam
1327 496 1618 555 Calvinam
1642 517 1672 552 e
1698 507 1864 574 gente
1888 499 2121 575 Augusti

378 599 682 673 pertinere,
711 599 953 668 dicebat;
987 598 1220 656 alterum
1265 598 1336 655 ad
1379 598 1712 655 Parthorum
1755 617 1977 675 regem,
2026 600 2122 675 qui

378 699 669 777 capillatus
695 715 856 759 esset.·
879 703 1065 759 Prima
1090 710 1321 778 quoque‘
1343 699 1523 756 morbi
1549 700 1881 772 accessione,
1907 723 1934 752 c<
1952 702 2078 769 Vae,
2098 724 2123 751 »

378 802 585 878 iuquit,
626 827 654 855 «
678 816 848 880 puto,
885 802 1022 859 deus
1056 802 1146 858 fio.
1179 826 1206 854 n

462 905 671 961 XXIV.
700 902 1010 959 Consulatu
1035 924 1135 960 suo
1168 925 1318 960 nono
1342 916 1584 961 tentatus
1606 904 1662 959 in
1682 904 1988 980 Campania
2014 924 2127 958 mo·

383 1002 647 1060 tiunculis
672 1002 909 1075 levibuS,
932 1005 1302 1083 protinusque
1330 1005 1480 1062 Urbe
1506 1005 1771 1083 repetita,
1799 1003 2036 1061 Cutilias
2063 1024 2126 1059 ac

382 1105 595 1161 reatina
641 1125 809 1177 rura,
863 1106 959 1162 ubi
1014 1109 1263 1164 aestivare
1306 1109 1605 1184 quotannis
1652 1106 1896 1175 solebat,
1945 1108 2122 1184 petiit.

379 1206 512 1276 Hic,
546 1226 721 1282 quum
749 1227 916 1284 super
937 1221 1230 1287 urgentem
1262 1206 1638 1265 valetudinem
1667 1209 2006 1264 creberrimo
2033 1208 2127 1263 fri-

377 1305 518 1382 gidae
545 1327 702 1384 aquae
734 1328 837 1364 usu
878 1311 1044 1364 etiam
1085 1308 1350 1365 intestina
1377 1309 1647 1382 vitiasset,
1681 1329 1785 1365 nec
1825 1329 1891 1365 eo
1939 1310 2125 1365 minus

379 1408 706 1465 muneribus
731 1409 1104 1486 imperatoriis
1146 1431 1213 1466 ex
1254 1409 1658 1466 consuetudine
1686 1408 2031 1488 fungeretur,
2064 1421 2126 1464 ut

378 1510 546 1567 etiam
578 1508 878 1589 legationes
921 1493 1140 1566 audiret
1175 1510 1411 1583 cubanS,
1444 1508 1570 1567 alvo
1595 1522 1824 1588 repente
1850 1530 2027 1587 usque
2057 1509 2126 1565 ad

381 1610 748 1687 defectionem
798 1607 1013 1683 soluta,
1073 1635 1101 1664 <t
1127 1614 1608 1688 Imperatorem,>›
1659 1613 1769 1682 ait,
1826 1635 1853 1664 «
1888 1623 2126 1668 stantem

378 1710 521 1768 mori
560 1726 834 1791 oportere.
860 1739 887 1767 2>
933 1715 1198 1791 Dumque
1240 1713 1555 1792 consurgit,
1600 1733 1665 1769 ac
1714 1713 1933 1786 nititur,
1984 1713 2128 1768 inter

379 1835 579 1871 manus
610 1814 1027 1872 'sublevantium
1065 1817 1366 1873 exstinctus
1413 1828 1523 1889 est,
1565 1837 1629 1873 1x
1668 1815 1930 1891 kalendas
1968 1813 2125 1893 julii,

379 1936 591 1972 annum
618 1938 814 1996 gerens
839 1919 1013 1973 aetatis
1048 1917 1452 1997 sexagesimum
1487 1926 1558 1974 ac
1573 1938 1782 1974 nonum
1801 1962 1815 1991 ,
1853 1938 2127 1995 superque

377 1998 623 2074 mensem
648 2039 713 2075 ac
739 2017 885 2075 diem
917 2020 1231 2096 septimum.

416 2129 422 2135 ’
458 2121 644 2176 XXV.
671 2121 955 2176 Convenit
982 2121 1128 2177 inter
1153 2141 1375 2195 omneS,
1400 2134 1514 2178 tam
1540 2134 1755 2179 certum
1782 2143 1908 2177 eum
1938 2122 2005 2178 de
2031 2143 2126 2178 sua

377 2222 720 2299 suorumque
756 2222 1014 2299 genitura
1046 2242 1265 2301 semper
1302 2223 1470 2279 fuisse
1492 2266 1508 2296 ‚
1541 2236 1604 2279 ut
1629 2235 1756 2301 post
1785 2223 2032 2279 assiduas
2065 2224 2124 2292 in

377 2341 434 2377 se
469 2313 890 2398 conjurationesf
910 2342 1078 2379 ausus
1108 2325 1180 2379 sit
1209 2322 1488 2380 affirmare
1515 2326 1758 2395 senatui,
1799 2347 1826 2375 «
1851 2336 1947 2380 aut
1985 2322 2128 2380 filios

380 2421 484 2478 sibi
527 2443 903 2495 successuros,
947 2436 1044 2481 aut
1087 2425 1382 2481 neminem.
1417 2451 1444 2479 »
1479 2426 1703 2483 Dicitur
1727 2427 1893 2482 etiam
1927 2425 2129 2482 vidisse

384 2522 672 2600 quondam·
702 2544 803 2602 per
826 2526 1067 2602 quietem
1094 2538 1351 2583 stateram
1388 2527 1446 2582 in
1479 2527 1662 2583 media
1691 2539 1850 2605 parte
1871 2526 2127 2584 vestibuli

383 2623 637 2701 palatinae
669 2625 866 2682 domus
897 2627 1134 2704 positam
1158 2628 1411 2705 examine
1438 2648 1628 2704 aequ03
1661 2649 1835 2705 quum
1870 2628 1927 2684 in
1958 2626 2128 2684 altera

386 2723 545 2781 lance
580 2724 853 2782 Claudius
880 2731 938 2783 'et
968 2728 1122 2785 Nero
1175 2740 1416 2800 starent,
1459 2729 1515 2784 in
1549 2727 1721 2785 altera
1767 2730 1883 2806 ipse
1913 2749 1977 2785 ac
2012 2727 2125 2783 filii.

384 2825 501 2882 Nec
540 2846 625 2882 res
673 2826 862 2883 fefellit
900 2850 912 2884 ε
952 2828 1179 2906 quando
1213 2829 1449 2886 totidem
1493 2830 1675 2904 annis,
1723 2830 1955 2908 parique
1992 2842 2125 2885 tem·

380 2928 528 3003 poris
560 2930 737 3005 spatio
769 2930 988 3006 utrique
1024 2931 1454 3007 imperaverunt.
