2372 3918
315 271 375 316 92
981 256 1028 299 c.
1066 255 1351 301 sUE'roml

315 369 469 435 perta
504 358 747 413 Murenae
777 358 1150 434 conjuratione
1183 359 1341 414 uxori
1374 355 1636 413 Terentiae
1672 353 2007 431 prodidisset.

316 458 508 535 Exegit
527 470 583 514 et
602 458 715 534 ipse
739 458 975 527 invicem,
989 459 1059 515 ab
1080 460 1266 515 amicis
1285 455 1717 514 benevolentiam
1737 466 1983 510 mutuam
1998 498 2013 526 ,

315 569 430 614 tam
460 564 493 613 'a
523 556 821 628 defunctiS,
858 578 1022 634 quam
1054 578 1085 613 a
1118 557 1272 614 vivis.
1307 557 1480 627 Nam,
1516 554 1763 633 quamvis
1796 553 2016 609 minime

317 668 596 734 appeteret
630 655 979 730 hereditates,
1014 669 1077 713 ut
1108 653 1205 733 qui
1238 677 1519 733 nunquam
1551 677 1616 712 ex
1651 655 1824 733 ignoti
1857 665 2015 710 testa-

318 769 503 814 mento
546 777 739 833 capere
777 759 1069 834 quicquam
1111 757 1460 830 sustinuerit,
1500 757 1798 812 amicorum
1838 766 2016 810 tamen

318 877 567 933 suprema
607 855 812 933 judicia
853 857 1216 913 morosissime
1252 857 1577 933 pensitavit;
1616 876 1793 932 neque
1834 851 2021 910 dolore

318 953 685 1029 dissimulato,
725 957 769 1012 si
804 957 1052 1034 parciuS,
1089 968 1183 1012 aut
1223 957 1359 1012 citra
1398 955 1662 1013 honorem
1696 955 2021 1022 verborum,

318 1076 493 1132 neque
521 1056 746 1134 gaudiO,
772 1057 817 1112 si
845 1069 997 1134 grate
1022 1058 1219 1134 pieque
1241 1056 1364 1132 quis
1389 1076 1444 1112 se
1470 1067 1790 1134 prosecutus
1817 1054 2018 1109 fuisset.

317 1159 549 1235 Legata,
578 1155 663 1212 vel
690 1169 869 1234 partes
895 1156 1286 1226 hereditatum,
1309 1177 1342 1212 a
1364 1156 1800 1232 quibuscumque
1825 1174 2021 1231 paren-

319 1258 466 1313 tibus
501 1255 689 1312 relicta
723 1256 857 1329 sibi,
894 1268 989 1313 aut
1027 1257 1209 1312 statim
1248 1255 1431 1312 liberis
1471 1277 1659 1311 eorum
1696 1254 2023 1324 concedere,

320 1369 415 1412 aut
443 1358 487 1412 si
508 1355 946 1433 pupillaribaetate
972 1368 1171 1428 essent,
1200 1355 1287 1411 die
1307 1354 1477 1410 virilis
1505 1367 1670 1431 togae,
1699 1353 1781 1409 vel
1808 1355 2026 1431 nuptia-

321 1477 471 1524 rum,
500 1477 626 1511 cum
653 1457 989 1511 incremento
1016 1455 1296 1510 restituere
1326 1466 1631 1510 consuerat.

399 1558 626 1612 LXVII.
669 1558 940 1611 Patronus
987 1554 1349 1630 dominusque
1396 1575 1508 1609 non
1554 1554 1733 1609 minus
1781 1573 2028 1624 severUS,

323 1676 488 1732 quam
514 1653 688 1710 facilis
712 1666 765 1710 et
791 1653 1051 1725 clemenS,
1081 1652 1282 1708 multos
1310 1651 1630 1708 libertorum
1659 1654 1716 1708 in
1741 1653 1950 1708 honore
1978 1663 2030 1707 et

324 1776 428 1812 usu
458 1755 697 1811 maximo
726 1755 918 1810 habuit
946 1776 958 1810 :
988 1765 1050 1809 ut
1077 1754 1356 1810 Licinium
1383 1752 1745 1824 Enceladum,
1770 1752 2026 1829 aliosque.

325 1858 584 1911 Cosmum
610 1874 850 1925 servum,
878 1853 1191 1930 gravissime
1212 1852 1279 1908 de
1303 1874 1359 1909 se
1385 1854 1729 1930 opinantem,
1753 1873 1864 1908 non
1888 1851 2032 1907 ultra

326 1974 492 2031 quam
530 1952 884 2031 compedibus
915 1953 1173 2009 coercuit.
1212 1953 1537 2010 Diomedem
1576 1952 2033 2029 dispensatorem,

328 2076 361 2111 a
399 2039 510 2131 quo
554 2053 715 2110 simul
753 2052 1102 2127 ambulante,
1138 2053 1444 2110 incurrenti
1480 2066 1705 2130 repente
1744 2053 1860 2109 fero
1902 2074 2036 2129 apro

329 2177 427 2232 per
472 2167 680 2210 metum
727 2155 986 2231 objectus·
1023 2166 1135 2226 est,
1174 2152 1380 2208 maluit
1426 2153 1731 2208 timiditatis
1776 2174 2035 2229 arguere,

329 2276 493 2332 quam
529 2274 714 2325 noxae3
748 2274 974 2329 remque
1007 2274 1119 2308 non
1153 2254 1365 2308 minimi
1398 2251 1656 2329 periculi,
1688 2254 1818 2329 quia
1854 2244 2036 2308 tamen

329 2355 477 2411 fraus
505 2355 716 2425 aberat,
744 2355 801 2409 in
824 2354 1013 2430 jocum
1043 2354 1222 2409 vertit.
1251 2353 1400 2409 Idem
1428 2352 1721 2409 Proculum
1749 2374 1810 2408 ex
1843 2373 2036 2429 accep-

331 2456 549 2510 tissimis
580 2452 788 2509 libertis
815 2454 956 2509 mori
986 2452 1188 2529 coegit,
1217 2463 1556 2528 compertum
1587 2450 1897 2507 adulterare
1927 2473 2040 2507 ma-

331 2567 516 2610 tronas
558 2574 572 2608 :
614 2552 842 2623 Thallo,
886 2573 919 2607 a
957 2559 1165 2623 manu,
1209 2551 1355 2627 quod
1403 2572 1504 2628 pro
1550 2551 1779 2628 epistola
1824 2552 2040 2628 prodita

333 2653 584 2708 denarios
621 2653 953 2728 quingentos
991 2651 1317 2727 accepisset,
1360 2671 1521 2706 crura
1561 2635 1741 2728 fregitss
1782 2650 2040 2727 Paedago-

335 2773 466 2830 gum
496 2752 879 2828 ministrosque
912 2752 1028 2808 Caii
1061 2751 1185 2823 filii,
1213 2771 1312 2828 per
1345 2751 1682 2807 occasionem
1717 2750 2043 2807 valetudinis

335 2853 631 2928 mortisque
674 2853 789 2929 ejus
829 2834 1059 2929 superbe
1101 2873 1369 2929 avareque
1410 2854 1467 2907 in
1509 2854 1790 2929 provincia
1833 2872 2043 2930 grassa-

336 2965 449 3024 tOS,
477 2953 712 3009 oneratis
756 2953 908 3030 gravi
943 2950 1185 3029 pondere
1224 2953 1553 3024 cervicibus,
1592 2953 1948 3030 praecipitavit
1986 2954 2039 3005 in

338 3051 558 3108 flumen.

416 3154 667 3228 LXVIII.
712 3153 897 3208 Prima
928 3152 1155 3228 juventa
1201 3153 1477 3208 variorum
1531 3154 1857 3208 dedecorum
1905 3152 2040 3206 infa—

339 3254 501 3309 miam
536 3254 717 3309 subiit.
756 3256 874 3309 Sex.
914 3252 1202 3327 Pompeius
1242 3264 1303 3308 ut
1344 3253 1712 3309 effeminatum
1750 3253 2041 3308 insectatus
