2372 3918
863 231 930 277 IN
967 231 1019 276 C.
1057 232 1098 276 J.
1137 230 1464 278 CAESAREM.
1944 235 2026 280 151

357 325 519 370 Multis
548 325 762 386 partibus
806 324 906 386 ipsi
931 325 1197 385 pauciore«.
1243 324 1351 369 scil.
1395 326 1547 370 multo
1598 325 1686 385 ipsi
1731 327 1981 386 pauciores
2022 346 2032 373 ε

293 401 386 446 Cic.
419 402 488 446 ad
518 403 651 447 Fam.
669 434 683 456 ‚
719 417 769 459 1,
800 415 827 446 α
861 406 885 445 ;“
911 421 930 441 «
949 402 1005 446 In
1040 400 1283 446 Hortensii
1320 400 1598 446 sententiam
1629 403 1782 447 multis
1812 406 2034 465 partibus

291 480 450 537 plures
474 479 636 524 ituros.
664 500 683 520 υ

359 555 533 601 Scaeva.
560 556 710 602 Caesar
737 554 822 601 ubi
837 569 941 615 sup.
978 570 989 599 ε
1016 554 1295 615 «Scutoque
1313 553 1375 600 ad
1397 557 1694 601 eum‘relato
1728 557 1895 603 Scaevae
1927 576 2032 607 cen-

288 631 510 691 turionis,
547 633 737 677 inventa
766 640 874 678 sunt
904 630 954 676 in
987 646 1045 676 eo
1076 631 1308 677 foramina
1338 639 1527 676 centum
1561 640 1607 676 et
1646 632 1824 695 viginti.
1853 654 1873 676 ι
1909 638 2031 684 Vide

287 709 461 768 Fton„
486 724 552 769 ιν,
578 724 630 767 23
653 712 838 755 Vsum.
871 710 1028 766 Max„
1054 724 1152 766 111,
1185 724 1228 754 α.

350 788 576 833 Acilius...
607 787 761 833 obvios
791 801 953 848 agen-5.
982 787 1140 832 Valer.
1168 787 1322 845 Max.,
1346 803 1431 845 m,
1461 801 1519 832 2:
1545 787 1758 833 «Acilius
1774 806 1922 851 quum
1951 793 2027 837 ‹le-

282 862 411 909 cimae
443 864 642 926 legionis
657 864 788 909 miles
819 878 911 923 pro
935 863 986 908 C.
1016 863 1208 910 Caesaris
1230 863 1449 925 partibus
1469 864 1702 910 maritima
1718 881 1879 929 pugna
1896 885 2029 929 proe-

277 941 690 999 liaretur,abscisa
721 940 915 999 dextra,
948 957 1090 1002 quam
1122 942 1486 988 Massiliensium
1509 942 1619 987 navi
1651 942 2025 1002 injecerat,-laeva

275 1017 478 1078 puppim
511 1017 852 1078 apprehendit,
892 1033 980 1063 nec
1022 1028 1132 1064 ante
1168 1019 1393 1065 dimicare
1431 1019 1632 1078 destitit,
1666 1035 1810 1081 quam
1843 1034 2025 1084 captam

274 1093 520 1154 profundo
555 1103 803 1157 mergeret.
834 1116 854 1135 »
952 1123 956 1127 —

342 1173 452 1218 Cn.
483 1173 661 1218 LXIX.
704 1175 852 1234 Apud
885 1174 1200 1219 Placentiam.
1231 1176 1287 1219 A.
1321 1176 1379 1220 U.
1417 1172 1525 1232 705.
1554 1176 1625 1221 De
1652 1191 1747 1237 qua
1793 1178 2025 1226 seditione

272 1249 388 1295 nihil
412 1250 564 1295 Caesar
586 1250 636 1295 in
663 1251 1046 1307 Commentariis;
1063 1254 1211 1297 multa
1227 1252 1346 1309 Dio,
1374 1268 1479 1310 xm,
1510 1252 1707 1313 passim,
1725 1264 1771 1300 et
1790 1257 1995 1318 Appian.
2011 1294 2024 1317 ‚

272 1329 391 1373 Bell.
413 1327 504 1373 civ.
519 1361 534 1383 ‚
561 1344 622 1387 ιι,
660 1336 734 1388 47.
1471 1334 1476 1338 ’

335 1406 446 1452 Cu.
479 1407 632 1455 LXX.
664 1408 976 1453 Decumunos.
1009 1409 1068 1454 H.
1096 1424 1135 1453 e.
1163 1407 1356 1453 decimae
1382 1407 1581 1471 legionis
1607 1410 1791 1455 milites.

335 1485 517 1532 Romoe.
550 1479 676 1532 Ante
707 1486 885 1531 bellum
918 1485 1204 1543 africanum,
1229 1488 1285 1531 A.
1311 1488 1370 1532 U.
1400 1502 1509 1544 707.

335 1564 497 1626 Neque
511 1565 661 1610 adire.
683 1563 919 1624 Appiam,
945 1565 1066 1609 Bell.
1095 1563 1215 1619 Ciu„
1251 1579 1317 1622 11,
1344 1580 1392 1624 p.
1429 1562 1523 1619 486
1553 1580 1563 1607 :
1591 1567 1751 1622 Aen-014
1772 1576 1831 1616 g„
1850 1576 2020 1618 στασιά-

267 1650 396 1696 ζοῡσιν
433 1651 469 1699 ἐς
497 1650 544 1692 τὸ
559 1642 697 1708 Ᾰρειον
727 1645 871 1692 πεδίον
898 1634 1057 1696 infime.

334 1721 442 1765 Una
478 1736 607 1766 voce.
641 1719 953 1765 Germanicus
982 1719 1045 1765 ad
1079 1720 1275 1778 milites,
1311 1720 1361 1765 in
1398 1720 1574 1776 Tacit.,
1605 1723 1809 1776 Anmd„
1839 1738 1879 1780 ι,
1915 1729 1973 1777 42
2005 1740 2015 1768 :

260 1815 279 1836 «
303 1796 454 1843 Divus
485 1797 639 1843 Julius
671 1796 955 1843 seditionem
983 1796 1220 1842 exercitus
1248 1798 1400 1842 verbo
1421 1813 1522 1842 uno
1550 1792 1866 1858 compescuit,
1899 1802 2014 1859 Qui-

260 1876 374 1919 rites
397 1874 620 1921 vocando
648 1874 733 1935 qui
763 1883 1110 1920 sacramentum
1134 1875 1237 1934 ejus
1264 1875 1607 1920 detrectabant.
1634 1895 1654 1916 »

327 1951 439 1999 Cu.
454 1954 634 1999 LXXI.
658 1952 966 1998 Masintham.
983 1952 1073 2000 Hie
1089 1952 1328 1998 Masintha
1349 1967 1374 1998 e
1398 1952 1527 2015 regia
1552 1952 1699 2014 stirpe
1724 1962 1858 1999 ortus
1874 1955 2013 2001 fuisse

256 2029 447 2076 videtur
476 2047 487 2075 ε
516 2045 661 2091 quem
691 2045 842 2090 quum
870 2028 1111 2090 Hiempsal
1140 2029 1352 2090 pendere
1369 2029 1604 2089 stipendia
1624 2029 1841 2089 juberet,
1869 2046 1923 2079 re
1952 2031 2012 2077 ad

252 2116 468 2153 senatum
499 2108 680 2162 delata,
710 2107 950 2152 Masintha
982 2108 1186 2153 Romam
1211 2107 1355 2153 venit.
1390 2108 1631 2168 Hiempsal
1655 2106 1804 2152 filium
1840 2109 2010 2154 Jubam

253 2184 378 2230 misit
402 2202 413 2229 ε
445 2184 514 2230 ibi
542 2193 653 2246 post
680 2199 899 2248 magnam
924 2184 1281 2232 contentionem
1297 2184 1413 2231 vicit
1429 2184 1623 2230 tandem
1648 2185 1799 2242 Juba,
1828 2194 1874 2230 et
1898 2187 2006 2232 Ma·—

253 2262 430 2320 sintha,
463 2262 668 2309 multum
705 2263 880 2308 fmstra
914 2263 1150 2308 renitente
1181 2263 1382 2321 Caesare,
1406 2262 1746 2322 pronuntiatus
1778 2271 1846 2307 est
1876 2264 2010 2309 Jubae

251 2339 618 2400 stipendiarius,
651 2340 681 2386 i.
717 2356 782 2398 e.,
799 2340 884 2400 qui
902 2340 1042 2385 certis
1074 2339 1373 2401 temporibus
1391 2338 1650 2400 Hiempsali
1681 2339 1864 2385 tributa
1893 2357 2010 2402 pen-

254 2418 401 2466 deret.

320 2497 722 2558 Prosequcntium.
761 2498 1017 2542 Praetorem
1057 2496 1386 2553 consulemve,
1421 2511 1530 2540 cum
1561 2493 1765 2554 imperio
1804 2493 2004 2556 profici-—

250 2583 482 2632 mentem,
509 2573 844 2620 comitantibus
869 2574 1120 2619 lictoribus
1144 2573 1336 2619 clientes
1364 2573 1596 2633 amicique
1623 2573 1854 2633 prosequi
1876 2574 2004 2620 sole-

247 2653 379 2698 bant.
403 2653 503 2698 Liv.
521 2689 534 2711 ,
565 2668 668 2698 χιιι
685 2688 698 2710 ,
725 2638 786 2714 49
805 2669 815 2697 :
834 2671 853 2692 «
870 2654 959 2698 Per
989 2653 1077 2697 hos
1092 2651 1218 2696 forte
1236 2649 1360 2708 dies,
1376 2653 1426 2696 P.
1441 2650 1651 2695 Licinius
1669 2652 1833 2696 consul
1849 2686 1862 2708 ,
1877 2651 2003 2698 votis

249 2731 298 2776 in
315 2730 553 2791 Capitolio
577 2730 865 2791 nuncupatis
879 2765 891 2787 ,
916 2729 1172 2791 paludatus
1203 2729 1263 2774 ab
1280 2728 1413 2775 Urbe
1432 2728 1678 2789 profectus
1699 2736 1783 2774 est.
1806 2728 2002 2790 Semper

249 2807 443 2869 quidem
468 2823 523 2854 ea
537 2823 613 2854 res
641 2792 935 2869 cum-magna
964 2806 1195 2870 dignitate
1217 2814 1264 2852 et
1279 2806 1523 2865 majestate
1540 2804 1746 2868 geritur,
1761 2805 2001 2867 praecipue

248 2894 404 2932 tamen
429 2885 666 2931 convertit
690 2886 856 2931 oculos
872 2884 1172 2946 animosque,
1190 2899 1340 2944 quum
1364 2883 1425 2928 ad
1449 2897 1673 2945 magnum
1691 2882 1998 2944 nobilemque

249 2972 330 3009 aut
349 2964 548 3020 virtute,
563 2971 645 3008 aut
673 2963 817 3022 fama,
842 2970 924 3008 aut
943 2962 1135 3008 fortuna
1159 2961 1344 3006 hostem
1362 2969 1553 3006 euntem
1571 2960 1813 3005 consulem
1837 2975 2000 3021 prose-

247 3050 477 3103 quuntur.
505 3061 524 3082 υ

315 3120 426 3164 Cn.
462 3121 663 3166 LXXII.
702 3119 1048 3164 Gmssaeorum.
1085 3118 1144 3163 H.
1176 3132 1215 3162 e.
1254 3131 1421 3162 eorum
1449 3115 1534 3176 qui
1568 3115 1743 3160 caedem
1781 3116 1990 3162 moliun-

246 3205 348 3256 tur,
370 3198 446 3243 vel
477 3213 535 3243 ex
561 3196 762 3243 libidine
785 3198 860 3242 vel
887 3204 1090 3257 propter
1114 3194 1321 3256 praemia.

315 3276 426 3322 Cir.
451 3276 678 3321 LXXIII.
714 3275 930 3334 Excepit.
959 3274 1016 3319 Η.
1052 3288 1090 3317 e.
1126 3271 1344 3331 suscepit.
