2372 3918
835 216 884 259 C.
921 213 1131 259 JUIJUS
1167 214 1395 258 CAESAR.
1908 223 1966 274 47

273 336 376 392 que
428 316 666 373 humana
719 317 1030 373 decreverat
1068 337 1082 371 ε
1120 317 1246 371 item
1303 316 1716 392 jusjurandum,
1759 342 1869 397 quo
1914 343 1969 378 sc

267 418 446 472 cuncti
477 437 579 495 pro
599 415 771 474 salute
804 415 967 472 unius
999 400 1400 472 adstrinxerant
1432 436 1444 471 ε
1474 416 1671 492 quibus
1696 439 1969 497 perpauca

267 536 298 571 a
328 536 384 572 se
414 516 576 572 verba
605 514 829 572 addidit.
862 517 1090 571 Lectum
1121 535 1222 592 pro
1247 515 1437 571 rostris
1464 516 1519 570 in
1552 514 1730 572 forum
1766 522 1966 596 magis·

267 628 441 672 tratus
468 628 524 671 et
550 614 850 671 honoribus
880 614 1054 670 functi
1084 613 1414 671 detulerunt.
1445 615 1622 688 Quem
1649 637 1819 692 quum
1845 639 1968 694 pars

266 716 321 770 in
341 713 635 792 Capitolini
659 721 690 775 J
694 716 811 771 ovis
840 711 977 771 cella
1003 734 1274 787 cremare,
1299 735 1424 792 pars
1453 716 1508 770 in
1533 716 1682 771 curia
1704 718 1965 793 Pompeii,

265 815 587 887 destinaret,
619 826 842 891 repente
885 813 996 870 duo
1039 813 1287 890 quidam,
1333 813 1524 891 gladiis
1570 817 1857 888 succincti,
1905 837 1967 872 ac

263 916 389 970 bina
418 912 599 991 jacula
630 926 932 992 gestantes,
968 913 1286 970 ardentibus
1319 915 1485 971 cereis
1521 915 1920 972 succenderunt
1954 939 1967 973 ε

263 1013 655 1091 confestimque
699 1014 1169 1070 circumstantium
1204 1014 1367 1070 turba
1410 1014 1647 1093 virgulta
1688 1016 1867 1087 arida3
1916 1030 1971 1073 et

263 1134 387 1170 cum
417 1112 683 1170 subselliis
714 1114 1035 1188 tribunalia,
1066 1114 1333 1191 quidquid
1357 1128 1616 1192 praeterea
1644 1115 1714 1171 ad
1745 1137 1967 1173 manum

263 1212 481 1285 aderat,
527 1216 795 1292 congessit
833 1237 845 1270 :
881 1214 1076 1271 deinde
1110 1215 1357 1272 tibicines
1398 1227 1452 1271 et
1494 1217 1692 1272 scenici
1738 1217 1970 1273 artifices

263 1325 490 1388 vestem,
517 1335 681 1392 quam
713 1336 776 1371 ex
805 1307 1167 1372 instrumento
1201 1316 1607 1393 triumphorum
1634 1317 1703 1372 ad
1734 1338 1971 1394 praesen-

265 1426 375 1470 tem
414 1435 573 1471 usum
619 1415 934 1486 induerant,
980 1416 1280 1488 detractam
1329 1417 1438 1472 sibi
1486 1428 1650 1493 atque
1692 1416 1969 1474 discissam

266 1515 498 1591 injecere
526 1515 755 1572 ssammae
773 1560 788 1586 ,
805 1529 858 1572 et
888 1529 1271 1573 veteranorum
1302 1514 1540 1572 militum
1575 1515 1857 1594 legionarii
1885 1538 1972 1573 ar-

262 1635 351 1670 ma
393 1634 515 1686 sua,
560 1616 760 1690 quibus
810 1614 1009 1671 exculti
1061 1616 1227 1673 funus
1276 1616 1641 1673 celebrabant.
1703 1619 1972 1673 Matronae

261 1716 424 1771 etiam
450 1714 720 1792 pleraeque
740 1729 1063 1772 ornamenta
1089 1737 1186 1773 sua
1201 1762 1215 1787 ‚
1231 1738 1350 1794 quae
1375 1717 1639 1794 gerebant
1654 1760 1669 1789 ,
1687 1729 1741 1772 et
1769 1716 1971 1772 libero-

265 1837 388 1871 rum
422 1814 599 1871 bullas
643 1827 806 1891 atque
850 1828 1153 1893 praetextas.
1196 1820 1263 1873 In
1307 1838 1521 1873 summo
1566 1816 1787 1894 publico
1820 1816 1974 1873 luctu

255 1895 569 1971 ‘exterarum
600 1918 843 1992 gentium
882 1916 1180 1973 multitudo
1226 1916 1556 1989 circulatim,
1604 1938 1704 1974 suo
1745 1938 1976 1995 quaeque

266 2036 414 2071 more
445 2015 739 2073 lamentata
764 2029 846 2075 est
871 2038 882 2073 :
910 2018 1287 2095 praecipueque
1303 2016 1474 2075 Judaei
1494 2060 1509 2088 ,
1535 2018 1631 2094 qui
1655 2019 1815 2074 etiam
1847 2038 1977 2074 noc-

265 2114 409 2170 tibus
437 2117 712 2172 continuis
744 2116 965 2172 bustum
998 2116 1430 2193 frequentarunt.
1499 2142 1506 2147 ·

344 2219 623 2273 LXXXV.
663 2215 821 2273 Plebs
854 2218 1036 2273 statim
1070 2238 1102 2274 a
1140 2218 1328 2274 funere
1366 2219 1435 2275 ad
1470 2218 1696 2275 domum
1736 2220 1893 2275 Bruti
1924 2232 1978 2276 et

266 2317 437 2374 Cassii
478 2337 604 2372 cum
647 2316 856 2372 facibus
903 2317 1134 2373 tetendit
1171 2338 1183 2373 :
1215 2331 1378 2394 atque
1421 2338 1562 2396 aegre
1608 2318 1854 2395 repulsa,
1879 2319 1978 2375 ob-

267 2417 414 2471 vium
445 2396 546 2471 sibi
576 2414 831 2473 Helvium
860 2416 1097 2472 Cinnam
1130 2438 1227 2493 per
1259 2438 1502 2473 errorem
1536 2419 1799 2491 nominiS,
1825 2420 1979 2495 quasi

266 2514 553 2572 Cornelius
601 2517 645 2572 is
691 2527 851 2588 esset,
889 2536 1051 2592 quem
1090 2517 1329 2594 graviter
1366 2516 1543 2594 pridie
1590 2520 1977 2573 concionatum

266 2613 334 2671 de
365 2618 575 2672 Caesare
602 2615 936 2691 requirebat,
972 2615 1171 2672 occidit
1203 2637 1215 2672 :
1250 2628 1522 2693 caputque
1549 2617 1665 2693 ejus
1694 2616 1977 2694 praefixum

267 2714 433 2769 hastae
462 2713 799 2769 circumtulit
831 2737 843 2769 z
880 2727 1068 2790 postea
1097 2715 1328 2772 solidam
1364 2714 1677 2772 columnam
1704 2736 1876 2793 prope
1907 2720 1981 2771 vi-

268 2815 405 2892 ginti
441 2813 641 2892 pedum
681 2812 874 2890 lapidis
912 2814 1194 2870 Numidici
1230 2816 1287 2870 in
1318 2815 1437 2871 foro
1485 2816 1701 2887 statuit,
1750 2816 1984 2892 scripsit-

267 2935 397 2991 que,
431 2933 678 2971 PARENTI
710 2932 949 2970 PATRIAE.
984 2912 1146 2991 Apud
1172 2913 1416 2970 eamdem
1436 2913 1602 2993 longo
1635 2927 1880 2991 tempore
1908 2934 1984 2969 sa-

269 3012 535 3082 crificare,
567 3024 693 3068 vota
739 3013 1046 3090 suscipere,
1087 3025 1483 3070 controversias
1513 3013 1776 3091 quasdam
1818 3014 1984 3068 inter-

271 3115 447 3191 posito
467 3134 564 3190 per
590 3116 855 3170 Coesarem
871 3114 1233 3192 jurejurando
1249 3114 1575 3184 distrahere,
1598 3113 1981 3191 perseveravit.

351 3217 656 3272 LXXXVI.
683 3215 1059 3293 Suspicionem
1092 3218 1272 3272 Caesar
1301 3214 1626 3292 quibusdam
1657 3234 1881 3270 suorum
1904 3233 1985 3269 re-
