2372 3918
749 192 814 236 IN
852 189 1304 236 VESPASIANUM.
1789 189 1879 234 305

221 294 325 337 Cn».
359 294 422 340 X.
451 289 810 335 Jurisdictiom’s.
836 289 1042 348 Nempe,
1066 285 1178 347 quia
1211 294 1410 346 propter
1434 284 1591 331 civiles
1615 286 1776 332 turbas
1799 288 1884 333 diu

155 370 230 428 jus
261 369 439 415 dictum
463 381 562 413 non
585 366 755 413 fuerat.

220 446 407 491 Iudicia
433 442 797 491 centumviralia.
818 440 892 485 De
924 438 997 484 his
1024 436 1135 483 vide
1162 440 1311 499 Aug„
1347 453 1507 483 xxxvi.

224 534 332 579 Cu.
358 533 445 579 XI.
475 513 760 576 Habet-etur(
781 526 888 573 Hoc
922 524 987 570 ita
1014 523 1200 588 Claudii
1226 527 1630 573 senatusconsulto
1657 537 1887 576 statutum

156 611 323 655 fuerat.
359 608 482 654 Vide
505 610 700 663 Taena,
734 604 939 657 Annal.‚
980 616 1084 659 ιιι,
1124 600 1199 647 53.
1234 602 1361 647 Illud
1404 617 1519 649 vero
1560 614 1667 665 post
1701 606 1889 653 Claudii

157 687 363 744 obitum,
388 685 575 732 licentia
601 692 888 742 temporum,
913 678 1154 724 observari
1187 678 1403 725 desierat.

220 764 372 808 Esset.
398 761 545 819 Quod
571 761 668 820 jam
705 757 882 803 factum
909 764 1010 801 erat
1034 757 1094 800 A.
1122 757 1182 801 U.
1217 754 1339 813 800,
1367 755 1554 802 Claudii
1577 767 1887 807 senatuscon-

154 840 295 885 sulto.
317 838 490 891 Tacit.,
515 836 693 883 Annal.
708 867 724 889 ‚
748 849 828 890 x1,
865 832 920 877 13
959 848 970 876 ι
1004 852 1023 873 α
1056 832 1181 894 Lege
1215 832 1310 877 lata
1343 832 1565 885 saevitiam
1599 835 1888 884 creditorum

156 914 394 974 coercuit,
417 931 476 960 ne
497 916 546 961 in
577 921 767 957 mortem
789 919 1037 971 parentum
1051 910 1285 971 pecunias
1297 908 1717 969 filitzvsamiliarum
1725 914 1893 973 fenori

154 993 334 1038 darent.
353 1011 372 1033 ι»

231 1082 339 1126 Cn.
371 1081 506 1126 XlIl.
531 1079 761 1124 Licinium
783 1077 1075 1122 Mucianum.
1095 1077 1167 1122 De
1191 1076 1282 1121 hoc
1304 1077 1452 1122 Tacit.
1467 1110 1480 1135 ,
1506 1079 1625 1124 Hm.
1639 1112 1655 1135 ‚
1693 1095 1713 1126 ι
1731 1114 1746 1139 ,
1783 1097 1841 1127 ιο
1878 1100 1889 1128 :

155 1176 180 1198 et
196 1156 407 1202 Luxuria
422 1191 435 1214 ‚
459 1154 720 1214 industria,
744 1153 991 1210 comitate,
1015 1152 1311 1214 arrogantia,
1334 1153 1469 1200 malis
1498 1154 1736 1218 bonisque
1771 1161 1892 1206 arti-

103 1260 106 1264 ·
152 1233 243 1279 bus
264 1233 451 1279 mixtus
469 1252 495 1275 n

226 1310 479 1356 Clausuloe.
513 1309 620 1356 scil.
646 1309 961 1370 querelarum.

231 1387 312 1431 Vir
319 1403 436 1432 sum.
451 1387 675 1432 Formula
685 1401 782 1447 qua
798 1386 1038 1442 utebatur,
1051 1385 1135 1447 qui
1151 1385 1430 1447 pudicitiam
1443 1403 1573 1433 suam
1589 1388 1889 1449 praedicabat.

227 1466 535 1510 Demetrium.
570 1465 643 1509 De
673 1464 765 1509 hoc
796 1463 1039 1522 Philostr.‚
1070 1466 1322 1524 Aponon„
1359 1480 1429 1523 iv,
1465 1464 1494 1510 8
1524 1482 1536 1510 ς
1564 1476 1894 1533 Παραγενόμενος

159 1548 210 1596 αἶς
224 1548 296 1595 τὴν
321 1538 483 1605 ῥώμην,
498 1548 659 1605 ὕστερον
687 1548 899 1605 &epeia-eut
915 1548 981 1590 τὸν
995 1540 1262 1590 Ᾰπολλώνιον.
1278 1541 1346 1590 Cf.
1360 1543 1512 1586 len.
1524 1575 1537 1600 ‚
1561 1558 1672 1588 val
1686 1578 1700 1603 ,
1711 1559 1760 1605 p.
1781 1544 1868 1603 751
1881 1580 1890 1589 .

227 1625 344 1674 Post
367 1629 738 1674 damnationem.
751 1629 811 1675 H.
827 1644 866 1674 e.
893 1644 1039 1690 quum
1055 1628 1105 1674 in
1128 1628 1302 1674 insulas
1316 1629 1550 1692 relegatus
1574 1640 1706 1677 esset.
1731 1631 1892 1694 Xiph.,

156 1706 187 1749 l·
216 1720 255 1750 0·
291 1722 302 1750 ἕ
330 1713 406 1755 Τὸν
431 1709 481 1755 δί
506 1708 561 1760 δὴ
581 1712 805 1770 Δημήτριον
823 1712 895 1755 καὶ
920 1714 987 1756 τὸν
1006 1702 1193 1756 ὀστίλιον
1217 1711 1288 1754 καὶ
1313 1713 1349 1761 ἐς
1374 1713 1515 1764 νήσους
1538 1717 1788 1759 κατέκλεισε.

228 1793 403 1839 Canem
432 1795 695 1855 appellare.
722 1793 935 1855 Xiphil.,
960 1794 1068 1838 ibid.
1097 1809 1113 1836 .·
1136 1805 1203 1859 Τῷ
1234 1796 1284 1842 δὲ
1317 1802 1534 1860 Δημητρίῳ
1562 1804 1763 1848 ἐκέλευσεν
1792 1808 1893 1848 Οὐι-

158 1878 385 1927 σπασιανὸς
408 1882 617 1934 λεχθῆναι,
642 1879 703 1921 ὅτι
728 1879 776 1921 σὺ
802 1878 873 1936 μὲν
891 1879 1031 1922 πάντα
1046 1878 1193 1931 ποιεῖς,
1211 1879 1276 1920 ἶνα
1293 1894 1338 1920 σε
1361 1878 1608 1934 ἀποκτείνω,
1625 1883 1703 1939 ἐγὼ
1727 1879 1776 1926 δὲ
1792 1885 1893 1927 κύνα.

152 1957 406 1998 ὖλακτοῦντα
423 1956 465 1997 οὐ
484 1956 645 2012 φονεὺω.

229 2037 336 2082 Cn.
359 2037 494 2082 XIV.
520 2037 659 2081 Eum.
693 2036 801 2081 Scil.
836 2036 1192 2097 Vespasianum.

227 2114 317 2159 Sub
340 2114 542 2158 Nerone.
568 2114 611 2157 A
633 2113 816 2157 Phoebo
838 2112 1028 2158 liberto.
1052 2115 1259 2174 Xiphil.‚
1284 2131 1397 2160 var
1415 2149 1427 2172 ,
1451 2129 1499 2176 p.
1527 2112 1636 2172 750.

220 2190 535 2235 Morbouiam.
569 2188 777 2250 Xiphil.‚
799 2189 831 2234 l.
866 2204 905 2234 c.
933 2205 943 2233 :
968 2188 1019 2246 ἐς
1048 2199 1232 2255 κόρακας,

217 2268 416 2313 Eadem.
443 2267 515 2311 Ita
541 2265 723 2327 Xiphil.
740 2301 753 2322 ‚
778 2266 811 2310 l.
835 2281 874 2310 e.
893 2302 905 2324 ‚
930 2265 1016 2312 ubi
1039 2283 1202 2314 rursus
1231 2284 1243 2313 ε
1274 2266 1325 2324 ἐς
1348 2276 1521 2332 κόρακας
1540 2277 1701 2317 ἄπελθε.

220 2355 595 2414 Imperatoriam.
621 2355 680 2398 H.
705 2368 743 2399 e.
769 2354 1148 2414 mathematicos,
1174 2356 1383 2416 inspecta
1409 2355 1511 2415 ejus
1532 2355 1802 2415 nativitate,
1826 2357 1895 2403 illi

151 2430 421 2492 praedixisse
445 2431 547 2476 fore
574 2439 628 2475 ut
649 2430 907 2492 aliquando
932 2430 1200 2492 imperaret.

224 2510 460 2552 Futurum.
498 2507 704 2568 Xiphil.,
731 2523 900 2567 vau,
922 2525 971 2570 p.
1006 2507 1100 2567 765
1127 2526 1139 2555 :
1174 2520 1312 2576 Λέγων
1351 2518 1410 2559 ὅτι
1444 2519 1605 2567 πάντως
1641 2535 1715 2575 μου
1746 2537 1894 2578 μνημο-

151 2593 304 2644 νιὺσει,
326 2590 395 2634 καὶ
418 2592 583 2641 πάντως
613 2609 664 2650 με
687 2593 956 2650 ἀντιτιμῆσει.

222 2673 334 2718 Cn.
365 2674 473 2718 XV.
499 2673 701 2718 Absente
732 2689 800 2719 eo.
828 2675 887 2720 H.
926 2690 965 2720 e.
992 2684 1100 2720 ante
1131 2676 1389 2722 adventum
1420 2692 1479 2722 ex
1516 2678 1725 2737 AEgypto
1745 2712 1757 2734 ,
1792 2694 1891 2739 quo

153 2759 368 2810 tempore
409 2749 709 2796 Domitianus
749 2760 796 2796 et
841 2751 1089 2798 Mucianus
1133 2755 1295 2799 Romae
1340 2767 1529 2800 omnem
1574 2753 1809 2800 licentiam
1848 2766 1894 2800 et

155 2826 481 2872 crudelitatem
504 2827 798 2873 exercebant.

221 2905 436 2949 Helvidio
462 2905 639 2950 Prisco.
665 2907 737 2950 De
761 2919 861 2966 quo
887 2904 996 2952 vide
1019 2907 1214 2965 Tium,
1245 2908 1366 2953 Hise.
1378 2941 1395 2963 ,
1421 2923 1487 2967 xv,
1513 2907 1560 2966 5,
1591 2915 1639 2953 et
1670 2908 1892 2965 Xumu„

158 2995 297 3040 var,
326 2994 375 3042 p.
411 2979 520 3038 750.

227 3059 288 3103 In
315 3067 543 3119 proetura.
570 3061 723 3117 Quam
747 3068 951 3122 gesserat
974 3064 1025 3110 A.
1054 3062 1115 3110 U.
1150 3061 1260 3108 823.

232 3136 584 3182 Transme'serat.
619 3138 724 3183 Imo
757 3153 943 3200 semper
980 3140 1101 3186 male
1133 3138 1331 3186 dixerat.
1369 3135 1580 3201 Xiphn„
1619 3138 1701 3184 ub.
1742 3152 1843 3199 sup.
1873 3157 1881 3183 :

160 3217 246 3262 Καὶ
272 3216 521 3276 Ελασφγιμῶν
548 3221 667 3263 αὐτὸν
694 3223 762 3264 οὐκ
788 3223 960 3266 ἐπαύετο

361 3316 423 3354 11.
1652 3318 1726 3356 20
