2372 3918
761 249 1074 296 OCTAVIUS
1106 250 1452 298 AUGUSTUS.
1929 249 1989 297 53

271 369 334 415 ut
360 368 487 436 post
515 355 871 435 paucissimas
901 355 1079 412 noctis
1105 355 1269 413 horas
1301 356 1622 424 exturbatus
1654 358 1782 415 inde
1809 359 1989 417 subita

270 458 325 514 vi
360 470 416 515 et
446 459 681 529 incerta,
720 476 875 535 paene
913 455 1245 514 semianimis
1289 476 1417 514 cum
1451 469 1624 514 strato
1662 458 1824 516 simul
1864 473 1993 518 ante

271 557 413 615 fores
447 545 805 615 inveniretur.

351 660 475 716 VH.
516 653 723 716 Infanti
749 678 1058 737 cognomen
1091 660 1339 718 Thurino
1374 659 1616 717 inditum
1645 672 1758 732 est,
1789 661 1847 718 in
1878 682 1993 719 me-

268 759 503 816 moriam
538 758 814 836 majorum
852 759 1115 838 originis3
1148 759 1235 817 vel
1269 760 1422 838 quod
1452 761 1679 840 regione
1712 761 1993 835 Thurina,

268 880 459 917 recens
490 880 555 916 eo
590 872 754 932 nate,
789 872 947 938 pater
977 862 1244 920 Octavius
1282 861 1543 919 adversus
1580 861 1842 940 fugitivos
1878 883 1995 918 rem

268 980 530 1039 prospere
559 972 813 1040 gesserat.
840 960 1153 1018 Thurinum
1191 962 1647 1040 cognominatum
1686 963 1813 1019 satis
1849 975 1997 1019 certa

269 1060 594 1138 probatione
637 1060 991 1134 tradiderim,
1032 1074 1229 1119 nactus
1274 1062 1544 1140 puerilem
1586 1062 1995 1142 imagunculam

269 1160 387 1238 ejus
414 1182 613 1218 aeream
638 1174 905 1234 veterem,
936 1162 1125 1219 ferreis
1153 1184 1217 1220 ac
1243 1184 1396 1240 paene
1417 1164 1535 1242 jam
1561 1162 1995 1233 exolescentibus

266 1261 492 1336 litteris,
527 1263 634 1320 hoc
669 1265 895 1321 nomine
926 1265 1276 1342 inscriptam3
1312 1286 1433 1342 quae
1470 1265 1617 1322 dono
1653 1286 1686 1322 a
1720 1286 1809 1321 me
1842 1266 1997 1342 prin-

266 1363 375 1441 cipi
409 1363 571 1438 data,
604 1364 747 1421 inter
777 1364 1115 1422 cubiculares
1156 1364 1376 1422 colitur.
1415 1366 1521 1423 Sed
1554 1378 1610 1423 et
1641 1386 1674 1423 a
1707 1368 1787 1422 M.
1821 1367 1997 1423 Anto-

271 1465 364 1521 nio
398 1465 454 1520 in
488 1463 732 1542 epistolis
763 1486 863 1544 per
889 1463 1282 1523 contumeliam
1319 1484 1462 1543 saepe
1491 1465 1771 1522 Thurinus
1804 1464 1998 1543 appel-

268 1564 416 1622 latur
441 1586 454 1621 :
480 1578 533 1622 et
558 1567 676 1643 ipse
703 1565 840 1622 nihil
871 1566 1105 1643 amplius
1135 1586 1303 1642 quam
1331 1566 1560 1622 «mirari
1592 1587 1687 1622 se»
1715 1566 1996 1639 rescribit,

269 1686 414 1743 «pro
442 1665 744 1742 opprobrio
774 1666 877 1721 sibi
906 1667 1060 1742 prius
1087 1685 1290 1721 nomen
1321 1665 1503 1742 objici.
1524 1690 1551 1718 ³>
1582 1668 1782 1722 Postea
1815 1667 1999 1723 Coesa-

270 1766 375 1836 reis,
416 1777 472 1822 et
507 1764 707 1821 deinde
740 1767 997 1844 Augusti
1029 1787 1335 1844 cognomen
1381 1766 1675 1842 assumpsit
1711 1786 1723 1821 :
1760 1763 1994 1822 alterum

268 1878 595 1924 testamento
638 1866 863 1945 majoris
907 1866 1202 1937 avunculi;
1245 1865 1482 1923 alterum
1522 1866 1765 1922 Munatii
1806 1864 1998 1923 Planci

270 1968 542 2025 sententia
582 1989 595 2024 ε
638 1989 845 2045 quum,
886 1966 1216 2045 quibusdam
1265 1966 1617 2024 censentibus
1637 2009 1654 2038 ,
1696 1965 1998 2023 Romulum

271 2067 535 2147 appellari
572 2081 857 2146 oportere,
888 2069 1046 2146 quasi
1090 2080 1146 2125 et
1185 2069 1365 2147 ipsum
1406 2067 1749 2124 conditorem
1790 2067 1962 2124 Urbis
1982 2110 1997 2141 ‚

272 2166 671 2246 praevaluisset,
695 2180 759 2226 ut
780 2172 1060 2247 Augustus
1084 2169 1268 2247 potius
1291 2180 1610 2241 vocaretur,
1640 2190 1754 2225 non
1781 2179 1999 2224 tantum

272 2289 445 2341 nom,
475 2268 570 2325 sed
588 2270 753 2326 etiam
778 2268 1042 2346 ampliore
1064 2270 1394 2348 cognomine
1422 2266 1613 2348 [quod
1638 2267 1757 2325 loca
1780 2288 2002 2345 quoquc

274 2367 561 2447 religiosa,
595 2381 649 2426 et
681 2371 740 2426 in
772 2371 972 2447 quibus
1004 2383 1277 2449 augurato
1309 2369 1442 2447 quid
1477 2382 1864 2442 consecratur,
1900 2390 2001 2426 au-

229 2490 233 2494 ’
274 2482 435 2547 gusta
464 2470 751 2542 dicantur,
782 2471 850 2527 ab
882 2484 1048 2528 auctu
1066 2514 1081 2545 ,
1110 2470 1197 2528 vel
1228 2472 1296 2527 ab
1326 2471 1511 2527 avium
1544 2482 1703 2549 gestu
1734 2480 1968 2548 gustuve
1986 2512 2002 2542 ,

274 2569 417 2626 sicut
447 2570 612 2627 etiam
641 2572 856 2629 Ennius
886 2571 1076 2644 docet,
1107 2571 1350 2628 scribens
1382 2591 1396 2627 ε

374 2731 586 2792 Augusto
614 2732 808 2794 augurio
837 2741 1087 2795 postquam
1113 2733 1274 2780 inclita
1298 2732 1491 2780 condita
1516 2733 1670 2779 Roma
1698 2730 1807 2794 est].

356 2876 508 2933 VIII.
528 2875 894 2950 QuadrimuS‚
916 2890 1130 2955 patrem
1151 2877 1363 2933 amisit:
1384 2874 1773 2934 duodecimum
1793 2894 2000 2931 annum

279 2995 479 3054 agenS,
515 2977 694 3033 aviam
725 2974 926 3033 Juliam
958 2976 1273 3034 defunctam
1307 2996 1409 3053 pro
1441 2975 1707 3032 concione
1740 2972 2002 3031 laudavit.

279 3072 661 3148 Quadriennio
698 3089 824 3154 post
862 3076 1004 3134 virili
1040 3090 1167 3155 toga
1200 3087 1451 3152 sumpta,
1480 3072 1813 3130 militaribus
1846 3073 2006 3130 donis

280 3176 564 3254 triumpho
599 3179 824 3234 Caesaris
850 3179 1112 3237 Africano
1141 3177 1376 3234 donatus
1406 3185 1517 3247 est,
1549 3195 1887 3251 quamquam
1915 3195 2007 3231 ex-

281 3298 404 3355 pers
444 3275 571 3334 belli
611 3290 839 3355 propter
876 3291 1104 3336 aetatem.
1142 3276 1456 3335 Profectum
1499 3295 1627 3332 mox
1669 3273 2005 3333 avunculum
