2372 3918
584 233 666 279 DE
700 231 1111 280 ILLUSTRIBUS
1147 231 1608 279 GRAMMATICIS.
1916 238 1976 291 9⁷»

252 333 699 412 diligentissimus
743 347 887 405 erat,
934 355 1105 412 quum
1157 347 1211 390 et
1254 334 1503 390 officinas
1551 334 1979 411 promercalium

254 437 485 492 vestium
536 447 848 508 exerceret,
897 447 955 491 et
994 454 1154 512 agros
1204 434 1340 490 adeo
1390 431 1625 505 coleret,
1673 446 1733 490 ut
1779 436 1978 507 vitem,

252 556 419 592 manu
451 538 567 614 ejus
602 537 908 593 institutam
929 579 943 606 ,
991 535 1121 590 satis
1161 545 1374 590 constet
1425 545 1664 589 trecenta
1698 535 1979 613 sexaginta

250 638 498 713 quinque
523 658 648 693 vasa
679 634 925 692 edidisse.
962 634 1067 690 Sed
1098 635 1336 690 maxime
1363 633 1632 711 flagrabat
1656 632 1979 691 libidinibus

251 738 306 791 in
347 735 629 805 muliereS,
661 756 833 813 usque
857 734 927 791 ad
960 734 1241 791 infamiam
1275 734 1385 790 oris
1413 754 1425 789 ε
1460 733 1717 810 dictoque
1750 753 1862 790 non
1894 736 1979 790 in-

249 836 428 892 faceto
469 848 716 892 notatum
769 834 952 891 ferunt
987 835 1307 911 cujusdam,
1343 835 1466 912 qui,
1511 854 1685 911 quum
1727 834 1782 889 in
1821 835 1981 890 turba

248 935 496 992 osculum
523 936 624 992 sibi
649 937 1021 1012 ingerentem,
1052 955 1385 1011 quamquam
1414 934 1716 1012 refugiens,
1742 933 1984 991 devitare

250 1057 361 1092 non
390 1048 600 1114 posset,
633 1060 660 1088 ιε
681 1036 779 1092 Vis
812 1047 906 1107 tu,
931 1061 958 1089 »
993 1036 1198 1113 inquit,
1230 1060 1258 1089 «
1280 1037 1561 1113 magister,
1592 1035 1810 1113 quoties
1840 1034 1986 1091 festi-

250 1147 471 1193 nantem
503 1134 742 1213 aliquem
774 1136 956 1204 vides,
987 1134 1355 1214 abligurrire?
1379 1161 1404 1188 »

292 1217 295 1219 .
330 1239 539 1293 XXIV.
582 1239 660 1292 M.
694 1235 947 1294 Valerius
977 1237 1225 1307 Probus,
1261 1231 1543 1315 Berytius,
1576 1237 1670 1294 diu
1705 1241 1984 1296 centuria·

249 1351 367 1393 tum
396 1338 586 1414 petiit,
613 1336 790 1394 donec
817 1337 977 1394 taedio
1003 1337 1071 1394 ad
1093 1337 1273 1394 studia
1299 1359 1359 1394 se
1382 1337 1902 1418 contulit.lLegerat
1927 1340 1986 1397 in

251 1439 539 1516 provincia
567 1437 834 1515 quosdam
862 1450 1069 1495 veteres
1096 1436 1311 1494 libellos
1342 1438 1490 1517 apud
1523 1443 1987 1517 grammatistam,

251 1538 486 1595 durante
528 1538 711 1595 adhuc
753 1539 829 1595 ibi
872 1540 1227 1615 antiquorum
1263 1541 1564 1609 memoria,
1592 1539 1826 1597 necdum
1862 1562 1985 1598 om-

252 1641 387 1696 nino
419 1639 655 1710 abolita,
688 1641 829 1697 sicut
865 1643 1072 1697 Romae.
1106 1644 1222 1697 Hos
1255 1661 1428 1717 quum
1459 1640 1779 1720 diligentius
1823 1663 1986 1720 repe-

254 1754 397 1812 tere,
426 1752 593 1818 atque
619 1739 754 1797 alios
778 1740 1035 1819 deinceps
1069 1761 1400 1818 cognoscere
1421 1755 1670 1820 cuperet,
1698 1745 1952 1820 quamvis
1972 1788 1988 1815 ,

254 1862 444 1898 omnes
475 1844 782 1913 contemni,
809 1841 1097 1920 magisque
1130 1842 1433 1919 opprobrio
1458 1841 1791 1922 legentibus,
1819 1866 1987 1922 quam

253 1941 441 2021 gloriae
482 1954 538 1999 et
576 1942 780 1999 fructui
821 1962 962 2015 esse,
1003 1942 1487 2016 animadverteret,
1525 1943 1886 2003 nihilominus
1931 1947 1989 2003 in

256 2044 543 2121 proposito
567 2044 768 2099 mansit
792 2064 804 2098 :
831 2041 1115 2120 multaque
1142 2042 1477 2121 exemplaria
1501 2057 1783 2102 contracta
1808 2066 1991 2102 emen·

258 2143 416 2216 dare,
439 2164 503 2200 ac
531 2143 895 2222 distinguere,
924 2155 977 2199 et
1007 2155 1272 2200 annotare
1299 2144 1546 2218 curavit,
1571 2144 1674 2201 soli
1702 2146 1861 2219 huic,
1888 2167 1991 2203 nec

255 2242 356 2300 ulli
387 2257 652 2322 praeterea
689 2244 1072 2322 grammatices
1103 2245 1279 2322 parti,
1311 2244 1548 2302 dedituS.
1585 2248 1689 2304 Hic
1720 2267 1833 2303 non
1878 2259 1989 2304 tam

257 2343 586 2422 discipulos,
619 2365 787 2421 quam
818 2356 1115 2403 sectatores
1149 2343 1392 2422 aliquot,
1435 2345 1649 2402 habuit.
1684 2349 1990 2424 Nunquam

257 2446 404 2502 enim
431 2445 722 2502 ita„docuit
739 2488 755 2516 ,
781 2456 844 2501 ut
866 2445 1111 2524 magistri
1142 2465 1433 2523 personam
1465 2447 1775 2504 sustineret.
1799 2450 1990 2505 Unum

259 2544 341 2601 vel
391 2544 652 2616 alterum,
699 2543 809 2618 vel,
859 2566 1031 2622 quum
1075 2544 1372 2624 plurimos,
1417 2558 1527 2603 tres
1571 2559 1668 2604 aut
1712 2560 1994 2624 quatuor,

261 2645 702 2724 postmeridianis
749 2646 900 2702 horis
942 2646 1234 2703 admittere
1263 2646 1506 2716 solebat,
1535 2648 1877 2726 cubansque,
1911 2650 1995 2705 in-

263 2760 348 2804 ter
379 2745 576 2825 longos
603 2767 667 2803 ac
693 2745 952 2825 vulgares>
971 2768 1250 2804 sermones
1270 2791 1284 2819 ,
1313 2746 1494 2827 legere
1515 2748 1793 2826 quaedam,
1822 2749 1995 2833 idque

262 2865 505 2925 perraro.
547 2846 727 2905 Nimis
760 2867 936 2925 pauca
979 2858 1032 2903 et
1074 2848 1267 2927 exigua
1305 2847 1372 2904 de
1403 2849 1733 2925 quibusdam
1771 2850 1995 2906 minutis

264 2944 671 3022 quaestiunculis
702 2946 888 3005 edidit.
920 2946 1167 3026 Reliquit
1191 2960 1376 3005 autem
1407 2970 1520 3006 non
1555 2949 1887 3007 mediocrem
1913 2950 1998 3007 sil-

265 3066 389 3103 vam
422 3047 867 3105 observationum
904 3050 1172 3106 sermonis
1202 3050 1434 3127 antiqui.
