2372 3918
907 300 1228 361 amnms.
1831 314 1921 361 205

226 423 314 498 jus
347 433 579 495 motum,
621 432 674 478 et
719 418 988 488 habitum,
1035 428 1090 473 et
1131 417 1396 472 incessum
1454 417 1780 491 imitaretur,
1824 419 1925 475 mi-

231 521 423 593 sellus;

492 660 640 724 Ᾰτυχιῖ
666 667 771 709 πάνυ
806 665 843 707 ἰν
874 665 955 715 τοῖς
982 659 1216 714 σπουδαίοις
1245 665 1346 708 λίαν·

231 826 324 882 ubi
358 846 469 882 non
496 822 770 881 aberravit
790 820 908 900 ejus
932 820 1170 893 animus,
1200 820 1329 877 satis
1344 831 1570 897 apparet
1585 818 1615 891 ἦ
1633 815 1726 891 τῆς
1742 815 1929 898 ψυχῆς

228 924 383 984 αὑτοῦ
401 916 689 993 εὐγένεια.»
712 924 852 979 Item
877 921 1051 979 tertiis
1078 919 1302 979 litteris:
1331 920 1648 977 «Tiberium
1676 931 1929 997 nepotem

228 1039 385 1083 tuum
418 1023 628 1102 placere
651 1022 786 1079 mihi
811 1019 1203 1078 declamantem
1231 1019 1497 1097 potuisse,
1524 1040 1772 1097 peream,
1807 1020 1929 1091 nisi,

228 1146 347 1182 mea
381 1125 568 1197 Livia,
611 1122 866 1180 admiror.
908 1122 1053 1179 Nam
1098 1121 1192 1197 qui
1231 1131 1344 1176 tam
1391 1117 1606 1192 ἀσαφῶς
1654 1118 1931 1196 loquatur,

227 1226 322 1302 qui
356 1224 549 1302 possit,
582 1242 753 1299 quum
782 1219 1083 1292 declamat,
1110 1226 1287 1291 σαφῶς
1314 1218 1518 1289 dicere,
1553 1239 1674 1297 quae
1700 1218 1931 1275 dicenda

226 1336 390 1402 sunt,
415 1344 525 1380 non
557 1321 731 1378 video.
752 1344 779 1373 »
806 1321 924 1377 Nec
959 1319 1189 1376 dubium
1217 1331 1319 1391 est,
1354 1320 1488 1396 quin
1517 1331 1641 1396 post
1671 1319 1787 1374 haec
1816 1320 1928 1375 Au-

228 1435 418 1501 gustus
449 1421 817 1489 constituerit,
851 1431 906 1476 et
933 1417 1213 1497 reliquerit
1249 1439 1374 1475 eum
1402 1417 1584 1488 nu110‚
1610 1430 1807 1495 praeter
1833 1436 1932 1473 au-

231 1520 433 1599 guralis
468 1519 785 1592 sacerdotii,
813 1520 1024 1576 honore
1062 1519 1429 1596 impertitum,
1465 1538 1531 1574 ac
1569 1537 1638 1573 ne
1675 1514 1932 1573 heredem

231 1619 477 1697 quidem,
521 1619 622 1675 nisi
670 1620 813 1675 inter
846 1619 1033 1675 tertios
1063 1638 1127 1674 ac
1174 1638 1326 1695 paene
1366 1629 1677 1688 extraneos,
1713 1636 1743 1672 e
1775 1626 1931 1692 parte

231 1730 381 1775 sexta
418 1718 780 1796 nuncuparit,
822 1716 1001 1795 legato
1045 1738 1265 1794 quoque
1306 1738 1419 1773 non
1461 1714 1719 1793 amplius,
1765 1734 1930 1791 quam

229 1817 666 1894 octingentorum
695 1816 1094 1887 sestertiorum,
1125 1828 1463 1893 prosecutus.

303 1918 375 1974 V.
409 1916 658 1972 Tiberius
688 1927 917 1993 patruus
941 1915 1147 1992 petenti
1173 1916 1409 1972 honores
1432 1913 1742 1971 consularia
1771 1934 1945 1970 orna--

228 2026 412 2071 menta
455 2013 666 2071 detulit.
706 2012 814 2072 Sed
867 2015 1157 2071 instantius
1201 2012 1472 2093 legitimos
1526 2014 1832 2092 flagitanti,
1876 2012 1931 2068 id

227 2113 405 2171 solum
431 2114 694 2171 codicillis
726 2114 1003 2192 rescripsit
1021 2158 1037 2186 ,
1070 2138 1098 2167 «
1118 2114 1498 2192 Quadraginta
1520 2133 1721 2170 aureos.
1745 2114 1804 2169 in
1832 2114 1935 2169 'Sa-

227 2212 466 2269 turnalia
495 2226 550 2270 et
580 2213 852 2291 Sigillaria
894 2213 1103 2271 misisse
1126 2215 1192 2270 ei.
1210 2238 1237 2266 »
1264 2216 1421 2270 Tunc
1446 2213 1695 2283 demum,
1723 2212 1935 2289 abjecta

227 2333 326 2389 spe
354 2312 659 2391 dignitatis,
677 2311 744 2368 ad
760 2314 932 2369 otium
947 2314 1240 2384 concessit,
1259 2313 1424 2370 modo
1448 2313 1505 2368 in
1522 2312 1696 2369 hortis
1722 2324 1777 2368 et
1803 2312 1933 2368 sub-

228 2412 464 2480 urbano,
500 2410 665 2467 modo
707 2412 763 2467 in
801 2413 1113 2490 Campaniae
1144 2432 1356 2470 secessu
1393 2411 1735 2483 delitescens;
1768 2423 1933 2488 atque

228 2531 294 2567 ex
322 2511 683 2567 contubernio
716 2510 1213 2584 sordidissimorum
1244 2512 1557 2584 hominum,
1588 2531 1753 2588 super
1784 2521 1932 2566 vete-

229 2630 346 2666 rem
371 2611 610 2688 segnitiae
630 2622 843 2681 notam,
871 2610 1147 2667 ebrietatis
1175 2630 1392 2688 quoque
1419 2622 1474 2668 et
1502 2609 1631 2667 aleae
1654 2609 1934 2666 infamiam

232 2709 415 2766 subiit.

310 2809 405 2863 VI.
437 2807 624 2880 Quum
649 2809 888 2880 interim,
905 2830 1237 2887 quamquam
1262 2812 1366 2869 hoc
1387 2811 1551 2869 modo
1572 2811 1782 2889 agenti,
1805 2830 1939 2866 nun-

231 2926 394 2983 quam
427 2918 522 2963 aut
548 2906 789 2964 officium
806 2909 1118 2981 hominum,
1148 2922 1244 2966 aut
1273 2913 1572 2968 reverentia
1603 2910 1819 2989 publica
1852 2909 1940 2965 de-

230 3005 350 3062 fuit.
383 3008 647 3083 Equester
685 3007 822 3064 ordo
854 3008 938 3064 bis
985 3020 1279 3085 patronum
1310 3029 1433 3066 eum
1471 3010 1805 3086 perferendae
1834 3029 1936 3086 pro

230 3125 286 3161 se
308 3104 594 3183 legationis
618 3104 780 3184 elegit
813 3128 826 3163 t
857 3107 1045 3175 semel,
1077 3129 1246 3185 quum
1270 3108 1667 3185 deportandum
1695 3113 1927 3165 Romam

230 3224 429 3282 corpus
456 3207 683 3284 Augusti
716 3207 956 3265 humeris
989 3209 1101 3265 suis
1134 3229 1165 3265 a
1195 3208 1510 3266 consulibus
1543 3220 1936 3285 exposcerent3

234 3304 458 3378 iterum,
490 3326 657 3382 quum
691 3327 1009 3383 oppressum
1032 3309 1288 3386 Sejanum
1325 3308 1472 3386 apud
1499 3307 1717 3365 eosdem
1747 3319 1934 3386 gratu·
