2372 3918
387 264 403 293 1
412 263 440 290 o
1033 250 1081 295 C.
1116 250 1404 295 SUETONII

384 353 1127 430 carentur.Antiquumetiam
1160 352 1347 408 retulit
1383 372 1621 422 morem,
1655 361 1715 405 ut
1748 371 1856 426 quo
1898 371 2082 406 mense

381 450 547 508 fasces
594 474 704 509 non
746 454 1004 525 haberet,
1049 474 1308 511 accensus
1351 464 1477 509 ante
1516 473 1642 508 eum
1686 452 1821 524 iret,
1866 450 2084 507 lictores

382 570 523 626 pone
574 566 943 629 sequerentur.
998 555 1143 629 Lege
1192 565 1374 608 autem
1426 553 1655 630 Agraria
1703 550 2083 629 promulgata,

380 650 794 718 obnuntiantem
829 650 1089 730 collegam
1130 653 1293 708 armis
1330 652 1448 709 foro
1489 652 1715 731 expulit.
1748 654 1827 709 Ac
1864 664 2085 729 postero

381 749 467 806 die
507 752 562 805 in
602 763 791 807 senatu
832 764 1224 828 conquestum,
1259 773 1358 808 nec
1390 773 1666 830 quoquam
1701 765 1951 830 reperte,
1988 752 2084 828 qui

382 870 544 926 super
589 849 684 905 tali
727 852 1164 907 consternatione
1207 851 1438 924 referre,
1481 865 1573 908 aut
1615 873 1835 908 censere
1879 850 2086 928 aliquid

379 950 633 1021 auderet,
663 948 845 1027 qualia
874 949 1045 1007 multa
1079 972 1219 1028 saepe
1249 953 1306 1007 in
1337 951 1628 1008 levioribus
1664 952 1837 1007 turbis
1867 951 2086 1007 decreta

379 1063 561 1120 erant,
593 1051 649 1105 in
678 1071 796 1106 eam
823 1052 1001 1130 coegit
1030 1052 1489 1129 desperationem,
1523 1063 1583 1108 ut
1610 1052 1787 1129 quoad
1816 1064 2085 1128 potestate

379 1150 581 1223 abiret,
607 1150 770 1207 domo
798 1151 1013 1208 abditus
1036 1150 1174 1206 nihil
1195 1150 1345 1207 aliud
1368 1171 1532 1228 quam
1556 1171 1654 1228 per
1676 1150 1847 1207 edicta
1872 1151 2085 1207 obnun-

380 1250 552 1307 tiaret.
591 1254 748 1308 Unus
784 1272 849 1307 ex
887 1273 951 1308 eo
990 1264 1233 1329 tempore
1272 1252 1454 1308 omnia
1494 1253 1550 1306 in
1584 1250 1891 1328 republica,
1926 1263 1982 1307 et
2015 1250 2083 1305 ad

378 1350 665 1406 arbitrium
694 1351 1094 1408 administravit
1115 1374 1126 1407 ε
1151 1364 1212 1408 ut
1240 1351 1491 1407 nonnulli
1521 1352 1885 1423 urbanorum,
1912 1371 2082 1426 quum

378 1450 511 1526 quid
547 1471 644 1527 per
679 1450 866 1526 jocum
903 1452 1136 1507 testandi
1173 1452 1342 1528 gratia
1382 1452 1690 1527 signarent,
1719 1470 1830 1504 non
1866 1451 2085 1505 Coesare

376 1562 433 1606 ct
464 1551 659 1609 Bibulo
678 1596 693 1619 ,
730 1552 825 1607 sed
860 1552 1000 1609 lulio
1037 1564 1093 1609 et
1134 1554 1355 1610 Coesare
1388 1550 1698 1634 consulibus
1734 1563 1914 1606 actum
1956 1549 2084 1605 scri—

376 1651 597 1724 berent,
624 1653 708 1708 bis
739 1653 973 1708 eundem
1000 1665 1378 1731 praeponentes
1397 1695 1412 1723 ,
1441 1653 1660 1708 nomine
1689 1663 1853 1727 atque
1884 1669 2083 1727 cogno-

378 1752 555 1807 mine:
587 1764 756 1829 utque
784 1752 951 1831 vulgo
978 1775 1104 1809 mox
1133 1753 1488 1810 ferrenturhi
1516 1773 1700 1809 versus
1730 1772 1744 1808 ε

441 1951 551 1997 Non
581 1952 753 1998 Bibulo
777 1953 1028 2014 quidquam
1053 1970 1220 2015 nuper,
1245 1954 1328 2000 sed
1356 1954 1532 1999 Caesare
1559 1953 1728 1999 factum
1755 1963 1854 2001 est:

533 2031 652 2075 Nam
678 2031 847 2076 Bibulo
875 2030 977 2077 fieri
1004 2033 1192 2077 consule
1218 2032 1286 2076 nil
1307 2032 1512 2079 memini.

377 2232 646 2305 Campum
676 2227 982 2300 Stellatem,
1013 2228 1310 2304 majoribus
1338 2240 1715 2284 consecratum
1733 2271 1748 2298 ,
1778 2248 2079 2306 agrumque

377 2331 752 2405 Campanum,
794 2327 864 2383 ad
918 2329 1158 2384 subsidia
1205 2326 1516 2404 reipublicae
1561 2327 1883 2405 vectigalem
1930 2328 2083 2385 relic-

376 2440 524 2499 tum,
560 2429 742 2484 divisit
780 2440 934 2484 extra
979 2441 1182 2484 sortem
1226 2426 1295 2483 ad
1338 2428 1533 2504 viginti
1571 2426 1810 2484 millibus
1847 2429 2078 2499 civium,

375 2529 572 2604 quibus
607 2529 748 2584 terni
786 2527 1039 2605 pluresve
1075 2527 1232 2584 liberi
1271 2539 1465 2583 essent.
1503 2526 1859 2600 PublicanOS,
1895 2529 2084 2584 remis-

377 2610 583 2684 sionem
617 2641 861 2705 petentes
881 2671 896 2701 ,
929 2630 1089 2684 tertia
1123 2628 1437 2684 mercedum
1471 2640 1626 2704 parte
1661 2627 1953 2700 relevavit,
1987 2649 2081 2698 ac,

376 2749 444 2783 ne
474 2730 531 2784 in
561 2727 828 2786 locatione
854 2750 1123 2786 novorum
1147 2728 1494 2806 vectigalium
1522 2727 1933 2786 immoderatius
1956 2726 2085 2783 liee-

376 2839 597 2900 rentur,
646 2829 928 2906 propalam
975 2830 1207 2886 monuit.
1261 2833 1455 2886 Cetera
1503 2830 1635 2884 item
1655 2871 1669 2900 ,
1717 2849 1837 2904 quae
1887 2828 2083 2903 cuique

377 2927 695 3001 libuissent,
741 2930 1026 3008 dilargitus
1066 2942 1178 3003 est,
1214 2929 1622 2997 contradicente
1666 2927 1851 2999 nullo,
1896 2947 1958 2983 ac
1979 2970 1996 2999 ,
2038 2929 2082 2982 si

375 3043 664 3087 conaretur
697 3032 850 3107 quiS,
885 3032 1190 3088 abs-territO.
1228 3033 1304 3086 M.
1343 3032 1609 3085 Catonem
1645 3027 2080 3105 interpellantem

375 3132 582 3187 extrahi
616 3133 767 3188 curia
799 3153 897 3208 per
927 3131 1177 3187 lictorem
1197 3173 1212 3198 ,
1247 3129 1483 3204 ducique
1519 3130 1574 3184 in
1605 3148 1877 3185 carcerem
1899 3127 2078 3203 jussit.

375 3233 439 3286 L.
467 3231 698 3288 Lucullo
724 3231 948 3288 liberius
977 3230 1273 3301 resistenti,
1305 3240 1519 3285 tantum
1548 3228 1944 3285 calumniarum
1971 3247 2079 3281 me-
