2372 3918
890 231 1339 278 vEsrAsuNus.
1934 242 1994 294 47

328 346 484 402 XIII.
518 342 838 400 Amicorum
869 337 1209 403 libertatem,
1234 335 1643 395 causidicorum
1672 338 1906 417 figuras,
1926 361 1994 398 ac

250 444 708 524 philosophorum
752 438 1160 498 contumaciam
1206 435 1484 494 lenissime
1534 436 1678 495 tulit.
1713 442 1989 499 Licinium

249 548 604 618 Mucianum,
650 554 794 600 notae
839 538 1231 617 impudicitiae,
1273 537 1369 595 sed
1419 539 1744 597 meritorum
1790 542 1991 601 fiducia

251 648 434 705 minus
456 647 541 704 sui
576 655 948 714 reverentem,
972 660 1291 717 nunquam,
1318 640 1421 697 nisi
1449 638 1619 712 clam,
1643 653 1699 698 et
1728 642 1992 701 hactenus

250 761 501 805 retaxare
546 744 836 815 sustinuit,
881 754 944 799 ut
988 739 1139 819 apud
1178 762 1530 798 communem
1569 740 1809 820 aliquem
1858 746 1995 801 ami-

249 870 376 906 cum
404 867 664 926 querens,
695 843 925 902 adderet
946 840 1205 899 clausulae
1235 863 1250 900 ε
1281 866 1309 895 α
1331 845 1453 922 Ego
1479 855 1663 900 tamen
1698 844 1781 899 vir
1804 865 1945 902 sum.
1971 871 1996 898 υ

253 949 499 1007 Salvium
532 944 872 1018 Liberalem,
908 945 966 1002 in
996 943 1319 1002 defensione
1352 944 1538 1002 divitis
1567 945 1647 1002 rei
1684 965 1881 1003 ausum
1915 946 1997 1003 di·

249 1070 396 1121 cere,
442 1074 471 1102 «
507 1046 661 1121 Quid
713 1045 783 1103 ad
832 1048 1136 1118 Caesarem,
1189 1045 1234 1102 si
1277 1045 1634 1124 Hipparchus
1682 1049 1992 1105 sestertium

249 1124 650 1216 millies⁴‚habet
669 1147 693 1205 P
714 1172 740 1200 »
788 1159 842 1204 et
877 1147 993 1225 ipse
1020 1145 1282 1204 laudavit.
1314 1149 1665 1205 Demetrium
1699 1150 1955 1226 cynicum
1983 1193 1998 1217 ‚

250 1251 304 1306 in
337 1251 534 1307 itinere
563 1249 791 1307 obvium
827 1248 931 1306 sibi
968 1261 1090 1327 post
1123 1248 1562 1320 damnationem,
1597 1270 1662 1306 ac
1695 1271 1874 1328 neque
1916 1272 1998 1308 as·

250 1373 473 1430 surgere
499 1395 515 1423 ,
567 1372 746 1429 neque
794 1349 1035 1407 salutare
1086 1371 1142 1406 se
1186 1350 1511 1429 dignantem
1547 1395 1563 1422 ,
1621 1350 1996 1410 oblatrantem

249 1453 416 1509 etiam
451 1453 633 1508 nescio
663 1449 799 1528 quid
818 1495 833 1521 ,
862 1450 992 1508 satis
1021 1450 1218 1508 habuit
1251 1453 1456 1509 Canem
1484 1450 1783 1529 appellare.

330 1556 483 1610 XIV.
522 1534 881 1610 Offensarum
928 1552 1461 1638 inimicitiarumque
1508 1554 1739 1610 minime
1788 1575 2001 1612 memor

250 1667 632 1726 exsecutorve,
662 1651 1073 1710 Vitelliihostis
1106 1654 1190 1710 sui
1222 1652 1394 1709 filiam
1416 1652 1857 1732 splendidissime
1882 1677 2001 1713 ma-

254 1753 843 1830 ritavit,.dotavitque
888 1754 1053 1810 etiam
1090 1766 1147 1809 et
1193 1754 1474 1820 instruxit.
1521 1755 1825 1834 Trepidum
1870 1779 1999 1814 eum

249 1856 546 1913 interdicta
590 1855 717 1913 aula
767 1855 871 1912 sub
916 1857 1169 1928 Nerone,
1203 1869 1695 1936 quaerentemque,
1732 1858 2000 1936 quidnam

251 1971 475 2038 ageret,
519 1971 615 2015 aut
642 1981 644 1983 ’
668 1979 781 2036 quo
815 1958 1020 2028 abiret,
1054 1958 1283 2035 quidam
1315 1979 1381 2015 ex
1418 1957 1605 2016 officio
1647 1959 2001 2018 admissionis

249 2059 415 2117 simul
446 2058 753 2138 expellens,
783 2083 811 2112 <c
835 2059 989 2116 abire
1026 2059 1384 2138 Morbouiam
1407 2084 1434 2112 ›>
1458 2061 1719 2138 jusserat.
1750 2064 1817 2119 In
1849 2062 2001 2119 hunc

255 2174 446 2239 postea
474 2160 865 2240 deprecantem
890 2160 1042 2217 haud
1075 2159 1220 2219 ultra
1252 2161 1421 2219 verba
1445 2162 1745 2220 excanduit
1761 2206 1777 2233 ,
1803 2176 1859 2220 et
1884 2164 2006 2242 qui-

257 2261 383 2320 dem
419 2261 648 2318 totidem
678 2261 790 2318 fere
820 2274 990 2339 atque
1019 2261 1227 2318 eadem.
1266 2264 1414 2320 Nam
1433 2306 1448 2332 ,
1479 2275 1540 2318 ut
1565 2264 1883 2342 suspicione
1909 2263 2007 2321 ali-

256 2384 366 2441 qua
398 2362 484 2419 vel
532 2375 683 2420 metu
718 2362 790 2419 ad
835 2363 1139 2442 perniciem
1170 2363 1498 2442 cujusquam
1551 2364 2003 2444 compelleretur,

256 2477 472 2522 tantum
505 2464 714 2536 abfuit,
749 2476 845 2537 ut,
885 2464 1242 2522 monentibus
1283 2466 1474 2522 amicis
1496 2509 1512 2539 ,
1544 2466 1855 2524 cavendum
1886 2488 2004 2525 esse

255 2567 492 2623 Metium
524 2566 986 2644 Pomposianum,
1030 2566 1183 2643 quod
1210 2565 1377 2646 vulgo
1408 2567 1734 2626 crederetur
1776 2571 2005 2648 genesin

259 2666 462 2724 habere
493 2668 909 2746 imperatoriam
929 2710 944 2741 ‚
977 2668 1205 2747 insuper
1244 2667 1530 2726 consulem
1581 2669 1809 2743 fecerit,
1840 2693 2008 2750 spon-

258 2767 410 2841 dens,
431 2767 769 2846 quandoque
795 2767 1051 2826 beneficii
1084 2790 1385 2827 memorem
1412 2769 1685 2829 futurum.

339 2872 462 2928 XV.
493 2870 622 2928 Non
666 2881 872 2926 temere
905 2871 1029 2948 quis
1058 2872 1287 2948 punitus
1319 2872 1508 2928 insons
1540 2874 1872 2952 reperietur,
1903 2874 2009 2930 nisi

258 2971 482 3027 absente
529 2991 596 3028 eo
645 2982 697 3027 et
728 2970 958 3049 ignaro,
1008 2983 1107 3028 aut
1150 2984 1301 3029 certe
1341 2973 1518 3030 invito
1558 2987 1725 3052 atque
1755 2973 2009 3053 decepto.

260 3070 516 3154 Helvidio
546 3071 766 3144 Prisco,
797 3072 893 3149 qui
925 3084 980 3129 et
1005 3094 1289 3130 reversum
1325 3095 1381 3130 se
1419 3094 1483 3130 ex
1520 3076 1679 3153 Syria
1711 3074 1862 3132 solus
1895 3077 2012 3154 pri-

262 3185 390 3229 vato
432 3173 658 3230 nomine
716 3175 1134 3254 Vespasianum
1176 3174 1545 3249 salutaverat,
1580 3189 1636 3233 et
1673 3177 1733 3235 in
1773 3190 2012 3255 praetura

261 3274 516 3330 omnibus
550 3273 742 3330 edictis
781 3275 897 3331 sine
930 3275 1141 3332 honore
1181 3298 1245 3333 ac
1281 3277 1564 3334 mentione
1603 3276 1712 3334 ulla
1750 3280 2013 3336 transmi-
