2372 3918
986 240 1284 289 TIBERIUS.
1902 249 1994 295 ¹29

270 375 334 411 ac
358 352 570 410 medius
597 352 740 407 inter
761 348 899 404 duos
922 343 1171 402 consules
1195 363 1324 401 cum
1350 347 1603 421 Augusto
1637 341 1800 400 simul
1825 339 1993 413 sedit;

272 453 445 527 unde,
475 449 684 531 populo
713 444 1081 517 consalutato,
1115 445 1327 501 circum
1360 441 1568 522 templa
1595 442 1862 500 deductus
1892 455 1992 501 est.

350 555 558 612 XVIIL
602 548 859 609 Proximo
891 566 1039 603 anno
1073 546 1308 623 repetita
1334 544 1661 616 Germania,
1689 565 1861 621 quum
1884 545 1999 601 ani-

273 653 668 723 madverteret,
687 647 986 707 Varianam
1013 644 1224 702 cladem
1247 646 1551 702 temeritate
1577 657 1632 701 et
1661 643 1997 723 negligentia

273 754 428 811 ducis
447 749 730 822 accidisse,
756 745 895 804 nihil
922 767 1034 803 non
1065 745 1134 802 de
1163 743 1376 802 consilii
1403 744 1672 802 sententia
1694 745 1824 823 egit.
1847 746 1999 802 Sem-

273 875 373 933 per
397 851 528 910 alias
561 851 647 908 sui
674 848 916 920 arbitrii,
945 858 1348 924 contentusque
1379 867 1436 903 se
1465 867 1606 919 un0,
1635 857 1770 903 tunc
1799 857 2000 924 praeter

274 950 729 1015 consuetudinem
761 970 888 1006 cum
916 946 1169 1026 pluribus
1195 946 1263 1004 de
1291 947 1507 1004 ratione
1533 945 1664 1005 belli
1694 946 2000 1003 communi-

276 1055 435 1112 cavit.
460 1055 667 1111 Curam
691 1070 911 1128 quoque
938 1046 1100 1105 solito
1125 1048 1457 1104 exactiorem
1489 1048 1759 1125 praestitit.
1779 1047 2001 1124 Trajec-

275 1167 432 1211 turus
478 1153 767 1224 Rhenum,
813 1161 1180 1206 commeatum
1224 1167 1474 1221 omnem,
1516 1146 1586 1204 ad
1633 1159 1843 1204 certam
1887 1146 2001 1203 for·

275 1252 482 1310 mulam
505 1253 817 1319 astrictum,
844 1271 957 1306 non
987 1261 1116 1306 ante
1145 1249 1475 1322 transmisit,
1502 1269 1668 1326 quam
1696 1249 2002 1305 consistens

277 1353 425 1432 apud
456 1355 633 1431 ripam
660 1350 994 1430 explorasset
1024 1349 1407 1407 vehiculorum
1435 1370 1627 1422 onera,
1662 1371 1732 1407 ne
1762 1370 1872 1428 qua
1908 1349 2003 1406 de·

267 1466 655 1533 portarentur,
693 1453 798 1509 nisi
834 1473 1115 1524 concessa,
1150 1464 1247 1508 aut
1286 1452 1605 1508 necessaria.
1636 1454 1812 1509 Trans
1847 1452 2002 1510 Rhe-

279 1575 413 1612 num
442 1574 573 1610 vero
604 1574 732 1609 eum
761 1554 886 1608 vitae
913 1552 1164 1608 ordinem
1191 1552 1394 1623 tenuit,
1419 1564 1481 1608 ut
1504 1551 1696 1609 sedens
1719 1553 1776 1608 in
1799 1554 2005 1631 cespite

282 1653 432 1711 nudo
475 1654 659 1710 cibum
703 1664 954 1730 caperet3
996 1673 1137 1730 saepe
1177 1652 1295 1707 sine
1342 1654 1583 1709 tentorio
1623 1666 2005 1730 pernoctaret;

280 1765 549 1832 praecepta
575 1753 852 1829 sequentis
882 1751 989 1807 diei
1012 1752 1225 1824 omnia,
1255 1764 1311 1808 et
1340 1752 1385 1808 si
1416 1752 1549 1828 quid
1573 1754 1738 1809 subiti
1764 1756 2006 1813 muneris

281 1852 680 1932 injungendum
708 1863 870 1925 esset,
894 1872 993 1930 per
1011 1850 1223 1909 libellos
1249 1852 1432 1925 daret;
1455 1851 1641 1910 addita
1673 1855 2007 1926 monitione,

278 1966 366 2027 ut,
407 1953 475 2010 de
515 1974 626 2030 quo
663 1953 897 2030 quisque
930 1953 1235 2027 dubitaret,
1269 1973 1357 2026 se,
1391 1973 1491 2010 nec
1524 1953 1632 2010 alio
1675 1954 2007 2034 interprete,

278 2074 604 2132 quacunque
631 2051 717 2108 vel
750 2054 925 2109 noctis
953 2053 1090 2110 hora
1125 2065 1388 2110 uteretur.

358 2157 509 2212 XIX.
544 2153 908 2232 Disciplinam
937 2155 1203 2211 acerrime
1232 2156 1442 2234 exegit,
1470 2156 2008 2214 animadversionum

281 2270 336 2314 et
350 2256 778 2335 ignominiarum
797 2255 1085 2332 generibus
1102 2277 1166 2312 ex
1187 2257 1515 2334 antiquitate
1543 2259 1817 2336 repetitis,
1845 2271 2010 2336 atque

282 2357 447 2413 etiam
479 2354 660 2433 legato
693 2353 953 2434 legionis,
986 2356 1138 2432 quod
1169 2377 1374 2434 paucos
1414 2356 1613 2414 milites
1649 2379 1775 2414 cum
1810 2357 2010 2415 liberto

284 2477 384 2514 suo
429 2467 579 2512 trans
625 2457 804 2532 ripam
850 2469 1109 2512 venatum
1149 2458 1408 2531 misisset,
1454 2459 1758 2536 ignominia
1800 2471 2008 2515 notato,

283 2555 508 2627 Proelia,
537 2558 789 2632 quamvis
825 2557 1119 2614 minimum
1155 2558 1390 2615 sortunae
1425 2560 1752 2636 casibusque
1786 2561 2014 2638 permit-

288 2668 460 2726 teret,
495 2654 777 2732 aliquanto
808 2659 1150 2715 constantius
1190 2660 1398 2732 inibat,
1432 2661 1648 2736 quoties
1686 2659 2015 2717 lucubrante

289 2776 376 2829 se,
405 2755 586 2811 subito
616 2774 679 2810 ac
709 2755 862 2812 nullo
891 2756 1264 2834 propellente,
1294 2759 1570 2816 decideret
1600 2759 1786 2816 lumen
1805 2804 1821 2834 ,
1848 2773 1904 2816 et
1932 2781 2017 2815 ex-

290 2855 1009 2934 stingueretur3confiden8,
1037 2870 1100 2912 ut
1115 2859 1321 2931 aiebat,
1357 2871 1596 2931 ostent0,
1620 2862 1722 2917 sibi
1753 2882 1818 2917 ac
1849 2862 2017 2937 majo-

293 2957 447 3012 ribus
473 2957 585 3012 suis
610 2956 666 3011 in
688 2957 838 3012 omni
863 2956 1066 3012 ducatu
1094 2958 1490 3035 expertissimo.
1522 2960 1657 3031 Sed,
1679 2982 1738 3016 re
1757 2982 2018 3039 prospere

290 3068 461 3134 gesta,
477 3077 590 3111 non
606 3055 841 3113 multum
864 3056 1064 3127 abfuit,
1082 3058 1216 3134 quin
1236 3080 1264 3113 a
1279 3060 1545 3114 Bructero
1562 3060 1800 3135 quodam
1815 3060 2018 3116 occide·

292 3168 446 3212 retur
482 3178 493 3212 :
529 3157 618 3213 cui
655 3158 797 3213 inter
826 3158 1106 3234 proximos
1139 3159 1410 3229 versanti,
1442 3170 1496 3214 ct
1526 3158 1890 3236 trepidatione
1922 3159 2015 3215 de-

294 3268 436 3313 tecto
455 3301 470 3328 ,
493 3259 785 3313 tormentis
812 3278 1065 3335 expressa
1092 3260 1359 3315 confessio
1383 3272 1463 3314 est
1488 3259 1710 3336 cogitati
1742 3258 2015 3317 facinoris

532 3378 567 3412 1.
1708 3379 1745 3435 9
