2372 3918
363 203 440 219 ἏΛΝ
446 201 1146 221 tmmmmmm

2000 210 2077 227 m

530 442 534 449 ·
612 391 742 462 DE
795 393 1133 464 CLARIS
1187 392 1822 465 RHETORIBUS

1104 623 1322 668 LIBER.

1093 828 1348 843 *-

353 1004 393 1056 I.
431 951 824 1060 RHE'roch
856 1024 1077 1080 quoque
1108 1005 1255 1082 apud
1290 1026 1415 1076 ηοε,
1446 1005 1673 1083 perinde
1704 1018 1867 1083 atque
1896 1027 2077 1083 gram·

352 1104 578 1175 matica,
612 1125 733 1160 sero
766 1118 986 1182 recepta
1016 1118 1125 1176 est,
1158 1104 1324 1183 paulo
1351 1107 1515 1162 etiam
1537 1106 1839 1175 difficilius,
1870 1108 2077 1183 quippe

350 1224 516 1279 quam
551 1217 765 1260 constet
798 1226 1199 1282 nonnunquam
1237 1207 1400 1262 etiam
1436 1206 1772 1284 prohibitam
1816 1195 2072 1263 exerceri.
2355 1236 2372 1278 ,ξ

350 1302 520 1375 Quod
551 1292 621 1358 ne
652 1306 742 1360 cui
767 1304 999 1360 dubium
1029 1307 1130 1377 sit,
1158 1318 1314 1362 vetus
1347 1306 1917 1379 senatusconsultum,
1945 1308 2076 1363 item
2351 1285 2372 1306 Ἃ

352 1404 668 1459 censorium
693 1392 960 1475 edictum,
982 1406 1268 1482 subjiciam
1298 1427 1309 1461 ε
1337 1431 1364 1458 ι(
1383 1407 1520 1463 Caio
1544 1407 1756 1461 Fannio
1780 1406 2079 1477 Strabone,

349 1505 428 1587 Μτ
471 1502 698 1560 Valerio
752 1503 1020 1575 Messala,
1069 1504 1420 1576 consulibuS‚
1467 1508 1690 1562 Marcus
1738 1508 2078 1583 Pomponius

351 1617 556 1681 praetor
603 1618 852 1661 senatum
902 1605 1193 1663 consuluit.
1241 1606 1410 1679 Quod
1454 1607 1621 1662 verba
1666 1606 1808 1663 facta
1844 1620 1973 1663 sunt
2009 1607 2078 1663 de

347 1703 692 1783 philosophis
729 1718 784 1762 et
819 1706 888 1761 de
920 1707 1265 1779 rhetoribus,
1300 1706 1367 1763 de
1397 1727 1459 1763 ea
1497 1728 1556 1763 re
1589 1708 1663 1763 ita
1694 1721 2028 1764 censuerunt
2062 1730 2074 1763 τ

347 1808 427 1869 Ut
469 1808 548 1863 M.
584 1808 924 1884 Pomponius
960 1819 1163 1883 praetor
1198 1807 1687 1880 animadverteret,
1723 1820 2076 1885 curaretque‚

346 1908 428 1961 uti
460 1907 507 1962 ei
538 1927 568 1962 e
596 1906 876 1984 republica
901 1907 1118 1984 fideque
1148 1929 1245 1964 sua
1273 1907 1571 1979 videretur,
1603 1919 1664 1964 ut
1688 1911 1879 1964 Romae
1904 1929 1973 1964 ne
1995 1930 2077 1965 es-

344 2019 481 2063 sent.
508 2031 535 2060 >2
567 2010 651 2064 De
691 2007 912 2079 iisdem,
949 2007 1236 2084 interjecto
1270 2020 1543 2084 tempore,
1577 2010 1760 2064 Gneus
1796 2010 2075 2064 Domitius
2148 2050 2155 2054 -

271 2088 285 2096 i
343 2108 693 2164 AEnobarbus
713 2152 727 2178 ,
770 2120 825 2165 et
866 2109 1072 2165 Lucius
1115 2109 1361 2164 Licinius
1395 2111 1659 2180 CraSSUS,
1689 2127 1966 2181 censoreS,
1997 2109 2075 2164 ita

343 2207 632 2264 edixerunt
658 2230 670 2264 :
704 2233 732 2260 «
758 2209 1167 2265 Renunciatum
1198 2219 1279 2264 est
1307 2208 1466 2264 nobis
1485 2251 1499 2280 ,
1529 2229 1642 2264 esse
1668 2208 1952 2281 homines,
1978 2210 2075 2286 qui

344 2328 550 2363 novum
586 2329 761 2386 genus
793 2308 1095 2386 disciplinae
1131 2309 1490 2380 instituerunt
1520 2330 1532 2364 :
1560 2308 1631 2364 ad
1655 2329 1793 2385 quos
1811 2310 2074 2387 juventus

340 2408 400 2464 in
429 2406 621 2464 ludum
650 2411 976 2466 conveniat:
1008 2431 1100 2466 eos
1133 2410 1233 2466 sibi
1267 2430 1467 2488 nomen
1498 2410 2072 2486 imposuisseLatinos

292 2501 613 2566 *Rhetoras
635 2532 646 2566 :
675 2511 751 2566 ibi
770 2511 1018 2567 homines
1038 2508 1474 2566 adolescentulos
1492 2519 1636 2564 totos
1662 2509 2069 2594 diesjesidere.

340 2612 580 2687 Majores
622 2613 828 2682 nostri,
870 2632 990 2688 quae
1031 2610 1230 2666 liberos
1272 2631 1399 2666 suos
1449 2609 1684 2679 discere,
1731 2622 1784 2665 et
1831 2631 1968 2686 quos
2013 2612 2068 2666 in

339 2711 498 2767 ludos
518 2713 660 2768 itare
690 2711 916 2784 vellent,
952 2713 1326 2768 instituerunt.
1365 2713 1494 2766 Haec
1524 2730 1694 2781 nova,
1720 2731 1841 2786 quae
1866 2724 2068 2789 praeter

340 2813 798 2870 consuetudinem
841 2834 904 2869 ac
942 2834 1154 2870 morem
1195 2813 1466 2890 majorum
1512 2811 1685 2883 fiunt,
1728 2833 1905 2888 neque
1944 2811 2065 2889 pla-

340 2926 494 2982 cent,
527 2934 701 2990 neque
736 2926 883 2970 recta
920 2914 1196 2970 videntur.
1234 2914 1592 2989 Quapropter
1633 2924 1687 2968 et
1719 2913 1809 2983 iis,
1844 2914 1940 2988 qui
1973 2933 2064 2968 eos

340 3013 499 3069 ludos
529 3015 766 3087 habent,
795 3027 851 3070 et
883 3015 980 3086 iis,
1011 3015 1106 3091 qui
1137 3034 1200 3069 eo
1230 3015 1418 3069 venire
1448 3025 1808 3083 consuerunt,
1841 3012 2065 3068 videtur

336 3114 676 3184 faciendum,
717 3127 779 3171 ut
824 3114 1174 3171 ostendamus
1223 3125 1467 3169 nostram
1501 3115 1859 3184 sententiam,
1901 3113 2062 3168 nobis

340 3236 448 3270 non
484 3213 717 3291 placere.
745 3240 771 3268 >2
798 3214 1068 3271 Paulatim
1099 3227 1149 3270 et
1187 3215 1303 3290 ipsa
1336 3213 1484 3270 utilis
1513 3215 1853 3289 honestaque
1885 3233 2057 3290 appa-
