2372 3918
788 252 853 296 IN
891 252 941 296 C.
978 251 1019 295 J.
1056 250 1380 295 CAESAREM.
1873 253 1958 295 123

226 348 348 395 enim
373 348 623 407 damnato,
653 346 714 393 de
729 349 907 394 Caesare
930 345 1055 391 idem
1080 343 1261 405 sperari
1282 351 1492 404 poterat,
1510 343 1573 388 ob
1597 358 1758 403 parem
1786 345 1962 389 utrius-

226 442 321 487 que
343 440 544 484 causam.
566 444 587 466 ι

292 506 354 549 In
369 503 722 565 praejudicium.
747 499 880 558 Quid
915 498 975 544 sit
999 497 1331 559 proeJudicium
1363 495 1506 541 docet
1528 498 1710 542 Ascon.
1725 531 1739 555 ,
1762 495 1813 541 in
1836 496 1932 542 Cic.
1951 531 1963 552 ,

225 583 286 626 de
314 581 468 626 Divin.
502 597 518 625 .-
548 600 567 622 α
597 577 930 636 Proejudicium
959 574 1136 621 dicitur
1157 589 1254 632 res,
1279 588 1386 634 quae
1411 588 1561 633 quum
1596 581 1770 618 statuta
1793 573 1934 618 fuerit
1953 608 1965 630 ,

224 657 364 703 affert
402 656 686 718 judicaturis
730 655 1000 715 exemplum
1051 650 1188 712 quod
1232 658 1506 711 sequantur.
1531 667 1556 690 n
1595 648 1673 696 ef.
1704 651 1966 707 Qum-rin„

227 737 339 782 Inst.
354 767 371 790 ‚
404 751 458 793 v,
494 749 536 781 a.

291 816 510 873 Arreptus
535 820 617 856 est.
645 809 722 856 Sic
744 808 846 854 Liv.
861 842 875 865 ,
899 803 989 866 ηις
1018 806 1078 854 58
1104 823 1115 852 2
1142 827 1161 847 «ι
1190 797 1404 851 Subinde
1426 810 1643 863 arreptus
1666 816 1693 847 a
1712 802 1765 847 P.
1794 800 1965 847 Numi-

223 889 349 935 torio
373 890 453 950 Sp.
479 887 666 949 Oppius
697 884 885 931 invidiae
908 883 1178 946 proximus.
1208 903 1228 923 »

293 968 576 1014 Postulatus.
605 967 663 1011 H.
690 980 729 1010 e.
755 963 806 1008 in
833 961 1018 1022 judicio
1043 970 1309 1019 accusatus,
1331 969 1387 1005 ut
1409 975 1513 1020 sup.
1528 993 1541 1017 ,
1567 974 1633 1004 xv.

292 1044 511 1105 Collegio.
540 1022 647 1088 Scil.
666 1040 997 1098 tribunorum,
1020 1039 1050 1087 i.
1070 1055 1110 1085 e.
1126 1074 1139 1097 ,
1156 1054 1306 1101 quum
1320 1043 1626 1097 provocasset
1649 1034 1712 1081 ad
1732 1032 1967 1079 tribunos.

296 1122 451 1167 Fceret.
469 1121 597 1182 Lege
619 1117 840 1164 Memmia
865 1117 916 1163 id
939 1116 1250 1179 prohibitum.
1268 1115 1373 1161 Val.
1397 1116 1527 1160 Max.
1542 1148 1555 1172 ,
1581 1129 1672 1171 ιιι,
1690 1128 1716 1171 7
1735 1128 1746 1158 :
1765 1131 1791 1154 α
1808 1112 1968 1169 Quum

223 1198 275 1243 id
298 1207 462 1244 vetare
484 1194 720 1242 beneficio
751 1195 867 1258 legis
891 1193 1123 1241 Memmiae
1151 1192 1340 1252 liceret,
1365 1207 1471 1254 quae
1496 1206 1663 1236 eorum
1688 1188 1771 1251 qui
1800 1187 1969 1249 reipu-

220 1274 352 1321 blicae
376 1289 517 1320 causa
544 1274 761 1319 abessent
789 1259 938 1333 recipi
960 1271 1156 1318 nomina
1179 1270 1401 1333 vetabat,
1427 1269 1479 1314 in
1501 1269 1685 1315 Urbem
1707 1275 1866 1313 tamen
1887 1281 1969 1312 re-

221 1353 373 1399 currit
395 1351 495 1416 (Sc.
523 1354 590 1397 M.
615 1350 898 1414 Antonius).
923 1370 948 1393 n

297 1430 535 1493 Obligare.
575 1431 632 1476 Η.
659 1445 699 1475 e.
731 1427 968 1475 beneficio
1002 1428 1093 1474 sibi
1124 1427 1379 1474 devincire.
1407 1426 1502 1472 Cic.
1520 1462 1534 1485 ‚
1568 1426 1740 1470 Famil.
1757 1457 1771 1479 ‚
1798 1439 1875 1481 w,
1901 1437 1928 1467 2
1957 1438 1970 1466 ε

223 1530 241 1549 κ
276 1508 573 1554 Dolabellam
609 1515 747 1554 antea
801 1506 1133 1552 tantummodo
1179 1504 1461 1567 diligebam3
1501 1502 1739 1566 obligatus
1773 1499 1818 1546 ei
1851 1498 1971 1544 nihil

222 1600 373 1644 eram,
395 1601 525 1631 nunc
553 1593 686 1630 tanto
713 1600 814 1630 sum
840 1583 1089 1630 devinctus
1113 1582 1215 1643 ejus
1243 1581 1494 1628 beneficio.
1516 1602 1536 1622 υ

294 1662 397 1708 Sibi
415 1663 713 1725 recepissent.
740 1663 849 1707 Plus
880 1659 1112 1723 significat
1137 1675 1280 1721 quam
1304 1658 1543 1720 polliceri,
1566 1666 1621 1703 ut
1636 1657 1757 1715 Cic.,
1786 1655 1937 1700 Divin.
1949 1688 1965 1710 ,

223 1758 263 1799 1,
289 1756 320 1802 9
346 1756 357 1785 :
383 1760 408 1782 α
427 1740 655 1802 Quidque
679 1739 769 1787 sibi
784 1740 823 1786 is
847 1740 907 1786 de
931 1756 1005 1785 me
1032 1738 1298 1800 recepisset.
1320 1759 1339 1779 »
1367 1738 1500 1784 Idem
1523 1738 1593 1782 ad
1614 1738 1710 1782 Ate.
1725 1768 1741 1789 ,
1767 1750 1893 1791 ιιιιι,
1920 1748 1969 1778 1:

223 1840 242 1858 «
264 1817 504 1876 Quoniam
527 1817 587 1863 de
619 1827 774 1863 aestate
805 1816 1063 1878 polliceris,
1087 1817 1162 1862 vel
1185 1815 1348 1877 potius
1371 1814 1553 1876 recipis.
1581 1833 1606 1856 n

289 1895 400 1941 Cu.
426 1896 611 1941 XXIV.
645 1897 838 1941 Lucam.
871 1896 1000 1939 Dum
1021 1895 1197 1940 Noster
1220 1896 1400 1939 Lucam
1423 1892 1583 1938 Galliae
1607 1889 1852 1950 Cisalpinae
1885 1904 1971 1933 ur-

221 1973 332 2017 bem
364 1988 462 2018 esse
496 1971 633 2030 dicit,
657 1972 799 2030 Plin.,
834 1973 890 2016 H.
928 1972 1013 2025 N„
1048 1982 1137 2028 111,
1173 1971 1223 2028 5,
1250 1987 1351 2016 earn
1383 1969 1586 2016 Etruriae
1607 1969 1727 2013 vult.
1755 1967 1971 2023 Cluver.,

223 2051 329 2095 Ieal.
361 2053 498 2106 Ant„
535 2067 581 2110 1,
607 2049 635 2095 8
652 2085 664 2108 ‚
698 2066 725 2095 2
743 2086 756 2109 ,
782 2050 923 2096 docet
954 2048 1156 2094 Etruriae
1183 2049 1353 2094 urbem
1377 2063 1503 2106 esse;
1531 2046 1617 2093 sed
1640 2046 1721 2091 illo
1756 2052 1972 2104 tempore

221 2127 283 2173 ad
305 2126 551 2190 Liguriam
574 2143 675 2173 eam
705 2126 987 2188 pertinuisse
1011 2142 1164 2187 usque
1182 2126 1244 2171 ad
1265 2129 1452 2172 Arnum
1473 2123 1674 2170 fluvium
1697 2121 1970 2186 proceden-

224 2214 344 2264 tem,
382 2214 429 2251 et
457 2215 642 2266 partem
669 2205 827 2251 Galliae
852 2203 1112 2265 Cisalpinae.

297 2283 685 2345 Quinquennium.
710 2283 990 2329 Triennium
1013 2282 1063 2327 in
1093 2282 1235 2328 Dion.
1253 2318 1265 2341 ,
1290 2298 1466 2341 xxxa,
1505 2283 1593 2341 333
1632 2290 1800 2328 contra
1826 2295 1970 2341 quem

224 2361 434 2421 disputat
458 2361 632 2406 Schutz
650 2396 663 2419 ,
695 2360 746 2405 in
780 2360 875 2406 Cic.
900 2361 969 2404 ad
993 2363 1084 2405 Aet.
1102 2393 1117 2415 ,
1143 2376 1218 2404 vn
1232 2395 1245 2417 ,
1270 2376 1315 2420 9.

292 2438 640 2499 Promgaretur.
671 2438 873 2484 Addunt
906 2437 985 2483 alii
1019 2452 1030 2481 :
1070 2458 1089 2479 ιι
1107 2436 1307 2497 perfecit
1333 2444 1612 2497 utrumque,
1634 2455 1659 2477 n
1688 2451 1795 2496 quae
1825 2434 1970 2480 Wolf.

223 2525 269 2561 et
286 2516 351 2560 Cl.
372 2516 494 2560 Hase
520 2515 680 2576 spuria
693 2515 973 2561 existimant.
998 2514 1264 2560 Casaubon.
1287 2514 1334 2558 h.
1364 2515 1392 2559 l.
1419 2513 1485 2559 sic
1511 2512 1730 2558 emendat
1755 2528 1766 2556 ε
1791 2533 1811 2554 α
1831 2511 1971 2559 fecit-

224 2609 319 2655 que
347 2609 437 2654 per
463 2602 720 2655 utrumque
750 2603 804 2639 ut
835 2594 885 2638 in
918 2593 1328 2655 quinquennium,
1353 2601 1440 2638 etc.
1471 2611 1491 2632 υ

291 2672 498 2716 Alauda.
526 2672 678 2718 Docet
701 2670 819 2717 Plin.
836 2707 849 2730 ‚
871 2673 930 2718 H.
964 2672 1051 2726 N.,
1079 2687 1156 2728 x1,
1187 2677 1245 2725 44
1275 2686 1286 2714 ε
1314 2685 1504 2730 «parvae
1534 2669 1609 2714 avi
1635 2667 1725 2732 (sc.
1753 2684 1875 2729 apex
1899 2677 1968 2714 est

224 2749 273 2793 in
301 2747 495 2809 capite),
521 2765 626 2810 quae
647 2749 706 2794 de
722 2748 804 2794 illo
827 2748 1035 2812 galerita,
1052 2749 1286 2809 appellata
1314 2746 1586 2809 quondam,
1610 2755 1778 2807 postea
1802 2746 1970 2809 gallico

223 2827 462 2872 vocabulo
494 2827 634 2874 etiam
667 2827 845 2890 legioni
876 2843 1051 2874 nomen
1083 2827 1282 2874 dederat
1317 2827 1538 2872 Alaudoe.
1561 2846 1580 2865 »

290 2893 558 2955 Disciplina
589 2896 815 2955 cultuque.
853 2895 1231 2956 —Disciplina,
1265 2893 1468 2938 docente
1499 2894 1644 2951 Hase,
1673 2891 1882 2953 pertinet
1910 2892 1972 2937 ad

223 2980 373 3017 artem
402 2988 682 3033 moremque
714 2972 947 3030 militum3
978 2974 1128 3017 cultus
1154 2971 1216 3017 ad
1242 2985 1371 3016 arma
1402 2979 1449 3016 et
1471 2979 1637 3015 vestes.

292 3050 584 3095 Dedendum.
609 3049 836 3096 Solebant
863 3049 987 3095 enim
1015 3049 1221 3095 Romani
1243 3048 1579 3109 imperatorem
1607 3047 1741 3093 illum
1765 3047 1851 3109 qui
1874 3047 1972 3093 sine

223 3128 630 3173 senatusconsulto
672 3126 791 3189 quid
838 3127 1039 3185 fecerat,
1079 3126 1296 3172 hostibus
1326 3124 1503 3171 dedere
1548 3124 1748 3170 nudum.
1784 3126 1972 3171 Occur-

223 3212 337 3249 runt
367 3206 581 3266 exempla
597 3204 646 3250 in
678 3204 907 3266 Appiam,
932 3207 988 3251 B.
1010 3206 1171 3266 Hisp„
1198 3221 1244 3265 p.
1281 3205 1389 3251 302.
1417 3205 1563 3260 Vell.,
1588 3219 1650 3259 11,
1683 3220 1697 3247 1
1715 3239 1728 3260 ‚
1757 3203 1971 3261 53F10r.,

227 3297 264 3325 ιι
285 3317 297 3339 ,
334 3281 409 3327 18.
