2372 3918
390 286 479 337 234
657 301 664 309 ²
1150 283 1337 327 NOTAE

453 382 559 424 Car.
589 380 689 422 LX.
730 378 894 435 Quam.
921 378 978 423 H.
1013 392 1051 421 e.
1079 392 1134 422 ex
1161 394 1286 438 quo,
1312 393 1392 423 seu
1423 385 1687 438 postquam.

453 455 655 498 Faciem.
685 451 882 510 Julian„
912 461 1096 517 Καῖσαρ,
1127 467 1174 514 p.
1204 453 1315 515 309,
1350 452 1423 499 ed.
1448 451 1575 512 Lips.
1605 468 1616 496 z
1652 460 1844 516 Οίμώζων
1876 462 1946 518 μὲν
1971 457 2031 504 οὖν
2058 464 2094 505 ιν

390 543 486 594 μονῇ
506 533 686 581 νησιδίου
710 532 797 585 (τὰς
825 536 1043 592 Rem-potia<
1068 534 1356 594 αἰνιττόμενος)
1370 538 1435 579 τὸν
1463 538 1591 579 ἄθλιον
1618 537 1732 579 ἁλιέα
1762 536 1935 593 ψηχέτω.

455 607 642 652 Ηιιιηὶ...
675 606 940 651 verberavit.
965 607 1029 652 Ut
1064 605 1206 651 moris
1231 614 1351 664 erat,
1382 620 1440 652 ex
1462 605 1636 662 Tacit.,
1668 607 1873 659 Amul„
1912 621 1959 664 1,
1993 605 2052 652 32
2084 622 2095 649 :

392 703 414 725 α
431 684 691 728 Prostratos
713 680 986 726 verberibus
1022 682 1242 740 multant,
1268 680 1484 744 sexageni
1506 680 1732 742 singulos,
1766 689 1820 726 ut
1848 697 2094 728 numerum

391 760 715 805 centurionum
737 758 1048 818 adaequarent.

457 849 568 893 Car.
595 846 722 891 LXI.
747 847 940 890 Ineunte
961 859 1098 888 anno.
1122 844 1227 889 Kai.
1255 842 1482 903 januariis
1514 844 1796 905 supplicium
1827 845 1887 891 de
1909 846 2098 890 homine

391 924 507 969 sumi
532 936 630 967 non
652 921 720 965 fas
749 927 862 964 erat.
895 919 1236 965 Animadvertit
1259 929 1413 966 tamen
1436 920 1486 966 in
1506 921 1678 968 Titium
1704 920 1930 967 Sabinum
1953 922 2099 968 Tibe-

390 1001 486 1045 rius
511 1001 691 1044 ineunte
720 1013 844 1041 anno
870 1012 995 1041 novo.
1020 995 1191 1055 Tacit.,
1214 999 1418 1052 Annal„
1449 1013 1516 1058 ιν,
1546 998 1608 1045 68
1634 1014 1645 1043 :
1671 1018 1690 1039 α
1709 998 1834 1044 Julio
1863 997 2023 1044 Silano
2056 1009 2102 1043 et

391 1078 503 1123 Silio
518 1077 674 1122 Nerva
697 1089 838 1131 coss.,
862 1072 1041 1119 foedum
1063 1073 1172 1118 anni
1193 1072 1476 1134 principium
1503 1074 1713 1132 incessit,
1739 1083 1888 1121 tracto
1919 1075 1968 1120 in
1991 1091 2096 1121 car-

391 1168 542 1199 cerem
566 1149 730 1197 illustri
759 1149 915 1211 equite
939 1165 1136 1195 romano
1163 1149 1289 1195 Titio
1312 1150 1513 1208 Sabin0,
1540 1151 1606 1196 ob
1627 1151 1873 1197 amicitiam
1900 1138 2097 1198 Germa-

390 1229 497 1275 nici.
515 1248 538 1270 ³>
568 1227 635 1272 Cf.
661 1226 802 1284 ibid„
830 1241 904 1283 70.
934 1225 1074 1272 Unde
1099 1225 1323 1271 exclamat
1348 1226 1567 1273 facundia
1596 1229 1811 1289 praesenti
1840 1229 1993 1291 gravis
2021 1228 2098 1273 ille
2147 1274 2151 1276 ,

391 1320 547 1350 rerum
570 1303 788 1363 scriptor,
811 1301 927 1347 ibid.
958 1318 969 1346 t
997 1322 1016 1342 «
1038 1303 1195 1359 Quem
1219 1302 1341 1348 diem
1364 1318 1564 1349 vacuum
1587 1319 1754 1364 poena,
1777 1305 1860 1349 ubi
1881 1304 2003 1350 inter
2025 1320 2099 1350 sa-

392 1397 469 1426 era
500 1391 559 1426 et·
587 1388 723 1435 vota,
761 1395 859 1439 quo
893 1386 1104 1439 tempore
1139 1378 1297 1425 verbis
1332 1379 1469 1441 etiam
1497 1380 1706 1441 profanis
1747 1380 1966 1427 abstineri
1999 1396 2099 1425 mos

391 1466 508 1504 esset
523 1492 536 1515 ‚
566 1457 718 1501 vincla
744 1463 790 1501 et
814 1457 1009 1515 laqueos
1031 1454 1340 1510 inducantur?
1362 1475 1380 1495 υ

460 1533 772 1582 Interdictum.
796 1533 971 1591 Tacit.,
994 1536 1195 1588 Annal„
1219 1550 1297 1591 vx,
1328 1549 1384 1594 19
1424 1551 1436 1579 e
1476 1554 1494 1576 α
1515 1537 1679 1596 Neque
1710 1536 1993 1597 propinquis
2022 1547 2101 1583 aut

393 1615 548 1661 amicis
571 1611 813 1668 adsistere,
837 1610 1152 1671 illacrymant,
1177 1627 1237 1656 ne
1269 1611 1419 1657 visere
1450 1612 1643 1672 quidem
1667 1612 1841 1658 diutius
1875 1613 2102 1672 dabatur;

393 1690 473 1735 sed
497 1685 782 1747 circumjecti
806 1687 1020 1733 custodes
1037 1694 1083 1732 et
1105 1686 1155 1732 in
1174 1702 1424 1734 moerorem
1448 1689 1676 1750 cujusque
1692 1688 1884 1746 intenti,
1901 1705 2100 1749 corpora

391 1765 652 1824 putrefacta
682 1764 1044 1821 assectabantur,
1068 1763 1181 1808 dum
1204 1763 1252 1808 in
1286 1765 1491 1810 Tiberim
1517 1767 1826 1813 traherentur.
1853 1786 1874 1807 n
1898 1811 1903 1815 ,

457 1842 755 1887 Lacessisset.
802 1842 860 1885 Se
911 1841 1034 1886 enim
1075 1841 1164 1886 sub
1206 1856 1405 1900 persona
1447 1842 1805 1904 Agamemnonis
1843 1844 2099 1890 lacessitum

390 1917 587 1977 putabat
619 1915 848 1961 Tiberius.

387 2026 390 2027 ⁷
457 2005 679 2049 Dc’xclcset.
718 2002 892 2060 Tacit.‚
932 2005 1102 2048 Annal.
1121 2037 1138 2060 ,
1173 2019 1238 2060 tv,
1279 2004 1339 2058 34
1376 2019 1387 2049 :
1426 2025 1445 2043 ιι
1461 1997 1680 2051 cornelio
1727 2007 1893 2064 Cosso,
1934 2007 2096 2052 Asinio

392 2082 597 2141 Agrippa
633 2096 777 2136 coss.‚
808 2072 1069 2126 Cremutius
1102 2081 1286 2127 Cordus
1313 2084 1578 2143 postulatur
1610 2099 1736 2128 novo
1771 2098 1823 2128 ae
1854 2091 1966 2129 tunc
1993 2084 2097 2143 pri—

390 2174 517 2202 mum
540 2157 702 2202 audito
727 2156 917 2202 crimine
930 2191 943 2214 ,
960 2157 1092 2217 quod
1115 2157 1251 2203 editis
1267 2158 1533 2215 annalibus,
1547 2159 1836 2219 laudatoque
1851 2162 1916 2204 Μ.
1935 2162 2098 2217 Bruto,

391 2234 446 2299 C..
469 2234 672 2280 Cassium
699 2236 1022 2279 Romanorum
1045 2234 1262 2279 ultimum
1287 2235 1492 2280 dixisset.
1513 2255 1532 2276 a>
1560 2236 1626 2282 Cf.
1661 2238 1831 2294 Proin,
1852 2236 1902 2280 in
1925 2237 2098 2290 Bruto,

388 2326 434 2371 p.
467 2309 586 2354 1005
598 2345 610 2367 ,
627 2319 671 2354 et
692 2312 839 2355 D101‹.
853 2345 866 2368 ,
882 2326 984 2355 nvn
999 2345 1012 2368 ,
1035 2327 1082 2370 p.
1097 2311 1207 2370 619.
1223 2311 1448 2356 Cremutii
1459 2320 1658 2357 mortem
1672 2312 1893 2357 describit
1915 2313 2100 2367 Seneca,

394 2386 525 2431 Cous.
558 2388 626 2429 ad
654 2386 884 2429 Marciam
919 2387 1020 2444 ejus
1043 2386 1206 2443 filiam,
1238 2402 1338 2447 cap.
1363 2403 1492 2433 χχιιι
1522 2404 1569 2432 :«
1594 2389 1762 2434 Usus...
1794 2388 1964 2433 balneo
1989 2398 2035 2433 et
2049 2406 2096 2434 se

389 2462 438 2507 in
462 2462 665 2512 tenebris
688 2462 916 2522 condidit.
940 2482 958 2502 »
1648 2481 1656 2488 ·

454 2540 651 2584 Aboll‘ffl·
680 2538 795 2595 Dio,
819 2540 848 2583 l·
875 2555 914 2583 C·
943 2555 956 2583 ἵ
986 2548 1050 2589 Τὰ
1084 2550 1387 2605 συγγράμματα
1420 2551 1565 2600 αὐτοῦ,
1598 2550 1691 2590 τότε
1729 2550 1798 2606 μὲν
1835 2550 1872 2590 ἐν
1905 2554 1956 2604 τῇ
1986 2549 2097 2590 πόλει

391 2624 618 2679 εὑρεθέντα,
641 2624 734 2679 πρὸς
770 2629 847 2664 τῶν
881 2624 1151 2679 ἀγορανόμων,
1179 2624 1246 2666 καὶ
1270 2624 1324 2666 τὰ
1357 2624 1430 2674 ἔξω
1458 2626 1553 2682 πρὸς
1578 2630 1655 2666 τῶν
1690 2626 1932 2680 ἑκασταχόθι
1960 2625 2095 2681 ἀρχόν-

388 2717 464 2741 των
491 2701 647 2745 ἐκαύθη,
670 2692 810 2737 Tacit.
832 2727 844 2749 ,
869 2694 1022 2754 Agr-ic.
1037 2724 1051 2746 ,
1080 2709 1117 2737 ιι
1151 2709 1162 2736 :
1188 2714 1206 2733 α
1225 2694 1335 2737 Non
1357 2692 1406 2738 in
1429 2694 1556 2754 ipsos
1577 2695 1727 2752 modo*
1747 2703 1983 2749 auctores,
2015 2693 2096 2737 sed

388 2770 437 2813 in
459 2769 605 2814 libros
649 2785 842 2829 quoque
881 2784 1042 2813 eorum
1080 2769 1302 2815 saevitum.
1339 2771 1629 2831 Delegabant
1659 2769 1913 2815 triumviris
1953 2768 2093 2813 mini-

389 2845 605 2902 sterium,
630 2853 682 2889 ut
704 2854 1003 2890 monumenta
1038 2845 1394 2892 clarissimorum
1420 2846 1713 2907 ingeniorum
1737 2846 1786 2891 in
1817 2845 2007 2891 comitio
2044 2861 2095 2889 ac

387 2922 495 2966 foro
518 2930 778 2967 urerentur.
807 2943 825 2962 υ

459 3001 501 3041 V
498 3003 824 3051 ulm‘rmzerune.
851 3002 980 3045 Inter
1007 3015 1127 3060 quos
1150 3001 1387 3045 Brutidius
1410 3002 1584 3046 rhetor.
1609 3003 1774 3046 Juven.
1789 3033 1802 3056 ‚
1826 3007 1906 3044 sat.
1922 3014 1977 3057 x,
1994 2998 2055 3043 83
2081 3015 2092 3042 :

878 3172 886 3180 .
914 3173 922 3181 .
950 3173 959 3181 .
985 3174 993 3181 .
1021 3143 1229 3183 Palliduius
1252 3144 1306 3184 mi

561 3210 758 3250 Brutidius
781 3225 891 3251 meus
915 3212 964 3252 ad
987 3212 1129 3253 Martis
1152 3212 1224 3252 fuit
1248 3213 1385 3252 obvius
1408 3226 1512 3253 aram

562 3283 687 3329 Quam
713 3280 851 3329 timeo,
876 3281 998 3320 victas
1025 3295 1074 3319 ne
1097 3294 1227 3333 poenas
1250 3282 1376 3334 exigat
1399 3283 1512 3334 Ajax.
