2372 3918
402 348 493 392 228
1156 315 1343 388 NoTAE

469 442 724 486 Hortalum.
752 442 820 485 De
852 454 946 499 quo
980 437 1151 494 Tacit.‚
1189 438 1387 490 Annal.‚
1416 450 1481 492 11,
1519 435 1575 489 37
1605 450 1614 476 :
1642 434 1832 492 «Nepos
1854 443 1952 478 erat
1976 436 2103 480 Hor-

400 517 560 574 tensii,
596 516 774 561 illectus
803 531 829 560 a
860 517 917 560 D.
949 517 1165 574 Augusto
1200 511 1477 556 liberalitate
1502 509 1653 554 decies
1676 509 1894 567 sestertii,
1932 511 2104 556 ducere

402 609 619 650 uxorem,
646 591 878 652 suscipere
903 590 1100 646 liberos,
1123 605 1182 634 ne
1205 587 1451 633 clarissima
1474 585 1646 631 familia
1669 585 2053 646 exstingueretur.
2082 608 2102 627 ι

466 682 574 724 Cu».
619 678 841 723 XLVIII.
893 678 1169 720 Insularum.
1218 673 1347 731 Quid
1402 671 1576 717 fuerint
1626 671 1793 715 insulae
1846 672 1954 718 vide
1999 689 2101 733 sup.

404 755 545 808 Coes„
573 771 667 800 xm.

466 841 699 887 Restituto.
736 841 853 885 Vell.
871 875 884 897 ,
912 856 975 896 11,
1014 839 1101 884 130
1141 855 1151 882 :
1182 840 1323 895 «Qua
1355 833 1654 892 liberalitate,
1683 851 1829 894 quum
1864 836 1975 881 alias
2003 845 2103 881 tum

401 915 613 977 proxime
635 915 825 962 incenso
854 924 1012 959 monte
1042 913 1213 971 Coelio,
1239 912 1388 957 omnis
1415 910 1593 955 ordinis
1621 910 1866 954 hominum
1886 910 2103 969 jacturae,

398 989 684 1049 patrimonio
709 989 914 1034 occurrit
936 1005 1039 1035 suo.
1066 1009 1084 1029 »
1108 988 1177 1034 Cf.
1206 991 1399 1044 Tmrr„
1429 988 1602 1031 Annal.
1618 1019 1631 1039 ,
1663 1002 1728 1042 iv,
1756 986 1841 1044 64,
1863 994 1908 1031 et
1931 988 2104 1046 Dion„

401 1079 547 1123 cvm,
575 1080 622 1125 p.
649 1064 756 1111 638.
1752 1051 1759 1058 .

465 1150 760 1196 Collocarent.
786 1150 934 1196 Tacit.
943 1185 956 1208 ‚
974 1138 1150 1196 'AnnaL
1164 1183 1180 1205 ,
1207 1165 1272 1208 1v,
1300 1165 1353 1206 17
1381 1164 1393 1192 :
1420 1167 1440 1188 «
1463 1148 1540 1193 Ad
1564 1148 1657 1193 hoc
1686 1156 1869 1193 senatus
1890 1148 2105 1208 praescri-

398 1234 576 1285 pserat,
602 1225 718 1270 duas
748 1225 948 1285 quisque
978 1225 1171 1270 foenoris
1204 1233 1358 1285 partes
1381 1224 1430 1268 in
1467 1223 1588 1284 agris
1619 1239 1705 1284 per
1733 1223 1913 1269 Italiam
1951 1226 2103 1270 collo-

398 1310 537 1346 caret.
558 1322 576 1342 »

459 1389 669 1433 Iusseric.
695 1389 806 1432 Non
827 1387 927 1447 ipse
959 1396 1114 1432 autern
1133 1387 1294 1446 jussit,
1318 1396 1364 1433 at
1386 1396 1594 1443 senatus,
1616 1394 1738 1432 auct.
1761 1381 1906 1431 Tacit.
1920 1422 1934 1445 ‚
1961 1391 2103 1442 Ana„

398 1480 466 1522 iv,
495 1465 555 1518 64
582 1480 593 1507 :
621 1462 914 1508 «Adduntur
938 1463 1200 1521 sententiae,
1222 1472 1277 1509 ut
1303 1479 1439 1508 mons
1473 1461 1644 1508 Coelius
1675 1462 1726 1506 in
1746 1470 1987 1522 posterum
2002 1465 2106 1508 Au·-

396 1548 557 1599 gustus
580 1533 905 1599 appellaretur.
929 1559 947 1579 υ

460 1627 732 1686 Duplicata.
773 1624 851 1672 Ad
892 1615 1292 1687 comprimendam
1342 1627 1543 1671 militum
1591 1626 1882 1672 seditionem.
1931 1629 2076 1675 Tacit.
2094 1663 2108 1684 ,

394 1705 570 1748 Annal.
585 1736 600 1758 ,
628 1719 673 1761 1,
712 1702 770 1750 36
801 1720 812 1748 ε
839 1723 858 1744 «
876 1705 1111 1749 Volutatis
1133 1705 1256 1748 inter
1285 1719 1333 1749 se
1364 1704 1652 1761 rationibus,
1681 1705 1906 1763 placitum
1927 1714 1981 1749 ut
2002 1706 2107 1764 epi—

394 1779 522 1824 stolae
565 1779 756 1824 nomine
798 1779 1024 1839 principis
1069 1779 1433 1826 scriberentur...
1470 1781 1647 1840 legata,
1679 1795 1784 1842 quae
1819 1766 2108 1840 petirerant,

394 1855 569 1900 exsolvi
593 1856 933 1916 duplicarique.
960 1876 981 1897 »
1656 1866 1661 1870 ·

432 1946 679 2003 Excepta
708 1946 842 1989 Asia.
868 1944 1024 1989 Asiam
1065 1945 1189 1989 enim
1223 1944 1508 2000 sublevavit,
1547 1952 1648 1991 test.
1689 1945 1994 2002 Oros„v11‚
2032 1950 2106 1997 4.

395 2040 414 2060 ιι
435 2022 554 2066 Sane
586 2021 706 2065 Asiae
744 2021 952 2066 civitates
988 2021 1069 2066 illo
1103 2030 1237 2066 terrae
1272 2030 1402 2066 motu
1434 2020 1638 2078 dirutas,
1673 2021 1876 2066 tributo
1889 2020 2107 2077 dimisso,

392 2096 584 2156 propria
618 2096 756 2142 etiam
778 2097 1052 2142 liberalitate
1075 2097 1324 2144 donavit.»

444 2184 610 2228 Motu.
642 2186 713 2228 De
735 2185 826 2229 hoc
848 2183 990 2241 Plin„
1018 2200 1085 2242 11,
1119 2183 1224 2238 84·
1261 2185 1536 2230 ‹Maximus
1565 2193 1698 2229 terrae
1726 2186 1950 2231 memoria
1977 2201 2107 2229 mor·
2183 2186 2188 2189 ’

394 2261 556 2306 talium
590 2260 765 2305 exstitit
794 2270 974 2317 motus,
1003 2260 1181 2306 Tiberii
1208 2261 1397 2307 Caesaris
1418 2261 1714 2322 principatu,
1737 2261 1988 2307 duodecim
2021 2278 2108 2306 ur-

393 2337 531 2382 bibus
553 2335 672 2383 Asiae
694 2351 789 2380 una
809 2344 950 2381 nocte
970 2336 1227 2396 prostrans.
1248 2357 1268 2377 »

460 2425 565 2469 Cn.
591 2423 770 2468 XLIX.
810 2417 1277 2483 Augurem.'Senec.‚
1308 2427 1369 2469 de
1395 2424 1560 2480 Benff
1577 2457 1590 2477 ,
1628 2441 1693 2482 11,
1720 2440 1777 2482 27
1806 2442 1816 2468 :
1839 2443 1858 2465 «
1871 2427 1954 2470 Cn.
1984 2427 2107 2470 Len-

395 2501 518 2544 tulus
559 2515 726 2561 augur,
776 2498 1043 2543 divitiarum
1080 2500 1334 2544 maximum
1365 2502 1652 2560 exemplum,
1687 2509 1939 2560 antequam
1978 2500 2105 2544 illum

393 2574 600 2619 libertini
637 2589 896 2634 pauperem
932 2575 1139 2620 facerent
1164 2573 1264 2638 (hic
1299 2585 1466 2636 quater
1498 2576 1661 2621 millies
1683 2577 1941 2621 sestertium
1974 2592 2107 2621 suum

394 2648 530 2713 vidit)
555 2649 731 2712 ingenii
751 2650 840 2694 fuit
863 2654 955 2694 'tam
980 2650 1167 2708 sterilis,
1193 2667 1336 2711 quam
1356 2651 1514 2711 pusilli
1542 2651 1697 2696 animi.
1724 2672 1744 2692 2,

459 2728 706 2786 Lepidam.
732 2727 788 2771 A.
807 2726 867 2771 U.
896 2726 1002 2783 773.
1032 2727 1100 2770 Cf.
1124 2729 1293 2772 Tacrr.
1310 2761 1324 2784 ‚
1351 2729 1525 2771 Annal.
1541 2759 1556 2781 ‚
1581 2743 1671 2784 111,
1695 2742 1771 2772 22.
1795 2729 1916 2773 Hinc
1942 2729 2107 2789 proavi

395 2812 549 2860 erant,
574 2818 715 2862 super
743 2802 1040 2846 AEmiliorum
1067 2802 1233 2858 decus,
1259 2805 1312 2848 L.
1337 2804 1465 2848 Sulla
1498 2818 1550 2847 ac
1584 2804 1668 2848 Cn.
1698 2803 1961 2863 Pompeius.

464 2878 758 2937 ConfiscatOS.
784 2879 842 2923 H.
869 2893 907 2922 e.
934 2877 1159 2938 spoliatos
1180 2879 1273 2923 suis
1299 2879 1462 2935 bonis,
1490 2895 1593 2939 quae
1613 2879 1851 2938 publicata
1866 2880 1926 2925 ad
1935 2881 2104 2939 fils-cum

396 2954 550 2998 delata
573 2953 770 2999 fuerant.
1555 3015 1561 3019 ἱ
2052 2972 2056 2974 ’

465 3030 710 3074 Haberent.
740 3026 884 3075 Tacit.
899 3065 913 3088 ‚
943 3035 1110 3076 Ᾰηηαί.
1126 3064 1140 3085 ,
1166 3047 1240 3088 vx,
1272 3033 1327 3076 16
1353 3047 1365 3075 :
1390 3050 1410 3071 «
1430 3022 1612 3077 Interea
1639 3047 1804 3091 magna
1826 3033 1895 3077 vis
1916 3047 2106 3077 accusa-

396 3113 553 3149 torum
575 3105 623 3149 in
646 3121 726 3150 eos
747 3105 943 3165 irrupit,
961 3106 1044 3166 qui
1065 3107 1287 3166 pecunias
1319 3108 1499 3152 foenore
1523 3108 1838 3164 auctitabant,
1863 3108 2105 3152 adversum

397 3180 544 3242 legem
573 3179 816 3227 ‚dictatoris
848 3182 1057 3240 Caesaris,
1089 3197 1183 3242 qua
1217 3182 1277 3228 de
1306 3182 1451 3226 modo
1476 3183 1716 3239 credendi,
1740 3182 2106 3242 possidendique

398 3255 520 3300 intra
536 3256 715 3300 Italiam
737 3266 942 3313 cavetur,
968 3254 1181 3302 omissam
1205 3257 1316 3303 olim
1342 3258 1454 3318 quia
1475 3251 1661 3318 privato
1684 3257 1790 3303 usui
1813 3258 1994 3302 bonum
2013 3272 2079 3316 pu
2093 3284 2107 3290 -

398 3329 569 3375 blicum
611 3332 961 3391 postponitur.»
993 3333 1119 3388 Quid
1140 3334 1228 3376 hac
1263 3335 1364 3392 lege
1396 3334 1620 3378 sancitum
1652 3333 1797 3396 fuerit
1822 3333 1959 3376 docet
1990 3331 2105 3386 Dio,
