2372 3918
739 377 803 420 m
844 376 985 420 ocr.
1024 374 1393 419 Aucusrum.
1859 390 1947 435 ,79

259 473 636 535 Appellationes.
663 473 735 519 De
761 470 939 534 quibus
960 469 1072 515 vide
1100 469 1227 531 Lips.
1255 470 1454 516 Excurs.
1489 469 1552 535 ad
1581 470 1730 516 Tacit.
1747 506 1761 529 ,
1789 476 1911 518 Arm.
1931 507 1946 528 ,

194 567 302 609 xxv,
327 550 405 597 28.

257 641 369 686 Cn.
403 640 638 687 XXXIV.
673 637 940 685 ominibus.
965 640 1022 683 A.
1049 638 1108 684 U.
1139 637 1247 695 736.

262 718 539 763 Vae-atione.
563 717 622 762 H.
658 732 698 762 e.
724 731 751 762 a
776 714 1007 778 conjugio
1032 713 1346 760 immunitate.

259 806 538 853 Coarctavit.
571 803 695 862 Dio,
730 819 833 862 mv,
856 818 905 864 p.
939 802 1034 850 532
1063 821 1075 848 z
1101 806 1279 853 Δώδεκα
1309 809 1386 867 γὰρ
1421 811 1512 859 ταῖς
1545 811 1679 868 κόραις
1703 812 1740 860 ἐς
1773 812 1844 859 τὴν
1880 816 1952 854 τοῦ

188 894 324 952 γάμου
349 891 455 950 ὥραν
484 891 555 937 (τη
586 890 719 948 πλήρη
745 882 972 948 νομίζεται.

261 975 372 1020 Cu».
412 972 623 1020 XXXV.
666 971 877 1017 Orcinos.
905 999 971 1007 —
1003 972 1168 1017 Orcini
1194 971 1481 1020 dicebantur
1517 972 1639 1019 servi
1666 980 1950 1018 testamento

188 1049 486 1110 manumissi,
510 1058 754 1110 tamquam
775 1048 966 1095 liberati
985 1049 1154 1096 litteris
1168 1065 1227 1095 ex
1252 1066 1368 1095 orco
1394 1051 1531 1096 datis.
1549 1050 1673 1096 Vide
1696 1050 1948 1096 Justim‘an.

191 1131 373 1185 Iastia,
402 1145 463 1188 11,
490 1133 567 1183 24.
591 1127 832 1174 Plutarch.
851 1162 866 1186 ,
890 1126 942 1172 in
964 1132 1140 1173 Anton.
1159 1162 1174 1183 ,
1211 1144 1292 1174 eos
1326 1137 1469 1199 vocat
1491 1136 1747 1193 Χαρωνίτας,

255 1217 466 1264 Duabus.
494 1217 554 1263 A.
585 1218 646 1264 U.
675 1215 771 1276 725
798 1225 845 1263 et
869 1208 927 1263 A.
954 1219 1013 1265 U.
1043 1217 1153 1277 736.
1190 1221 1254 1264 At
1283 1218 1404 1278 Dio,
1433 1234 1517 1264 mv
1552 1227 1598 1263 et
1634 1234 1720 1277 LV,
1750 1217 1953 1280 passim,

190 1295 378 1342 tertiam
406 1302 641 1341 memorat
672 1296 731 1341 A.
755 1296 816 1343 U.
843 1302 934 1354 741
955 1313 969 1354 ;
1001 1305 1223 1358 quartam
1246 1299 1303 1343 A.
1328 1299 1388 1344 U.
1417 1297 1542 1355 743;
1565 1295 1782 1358 quintam
1808 1299 1865 1342 A.
1890 1297 1952 1344 U.

194 1371 307 1434 757.
330 1375 403 1420 De
423 1389 524 1435 quo
543 1372 763 1419 Suetonii
791 1381 839 1420 et
861 1373 1030 1420 Dionis
1055 1373 1271 1421 dissensu
1295 1376 1363 1422 Cl.
1391 1377 1524 1420 Hase
1547 1392 1563 1419 .·
1585 1395 1604 1415 κ
1620 1374 1827 1421 Videtur
1849 1375 1955 1432 ille,

191 1450 571 1498 accuratissimus
598 1450 821 1513 scriptor,
856 1467 934 1497 eas
957 1461 1142 1498 tantum
1172 1453 1400 1499 lectiones
1432 1468 1745 1511 memorasse,
1777 1452 1956 1514 quibus

192 1532 439 1592 Augustus
462 1537 679 1575 senatum
712 1546 746 1575 a
763 1528 971 1590 deformi
991 1540 1036 1576 et
1067 1532 1307 1577 incondita
1338 1531 1479 1577 turba
1502 1531 1748 1590 liberavit-3
1770 1531 1851 1578 hic
1875 1546 1954 1577 eas

192 1607 467 1669 confudisse
483 1642 496 1666 ,
529 1622 636 1668 quae
668 1606 731 1653 ad
766 1608 960 1664 solenne
1002 1607 1193 1670 pristini
1225 1609 1460 1667 censoris,
1489 1625 1572 1655 seu
1603 1609 1816 1672 magistri
1845 1624 1957 1654 mo-

191 1701 299 1732 rum
337 1684 550 1732 officium
587 1684 908 1746 pertinebant.
938 1686 1167 1745 Quintam
1201 1687 1328 1733 illam
1352 1687 1671 1750 praetermisit,
1705 1687 1957 1749 quoniam,

196 1772 251 1810 ut
280 1763 383 1825 ipse
405 1763 500 1809 Dio
524 1763 716 1824 fatetur,
740 1780 961 1811 successu
987 1766 1154 1812 caruit.

257 1853 441 1900 Lot-ica.
468 1854 527 1899 In
548 1852 799 1914 publicum
829 1854 1029 1916 prodire
1057 1854 1209 1902 lorica
1239 1856 1452 1902 munitus
1476 1857 1659 1902 solebat
1682 1858 1929 1919 Augustus
1946 1892 1959 1913 ,

195 1932 260 1979 ob
284 1929 612 1978 insidiantium
644 1930 754 1978 vitae
791 1950 886 1980 suae
921 1942 1126 1992 metum,
1155 1942 1222 1979 ut-
1248 1933 1393 1980 docet
1429 1934 1548 1992 Dio,
1585 1950 1694 1993 mv,
1725 1950 1773 1996 p.
1816 1932 1911 1980 526
1949 1951 1960 1977 :

193 2008 231 2059 ὁ
257 2017 488 2076 Αὔγουστος
505 2015 673 2074 θώρακα
695 2018 774 2062 ὑπὸ
794 2023 846 2077 τῇ
876 2024 1003 2077 στολῇ
1027 2019 1222 2068 πολλάκις
1250 2017 1322 2062 καὶ
1341 2020 1377 2069 ἐς
1402 2020 1501 2063 αὐτὸ
1523 2022 1570 2062 τὸ
1592 2014 1797 2077 συνέδριον
1823 2020 1957 2062 εἰσιὼν

194 2088 311 2152 αχεν.

268 2174 445 2222 Cordus
475 2177 752 2227 Cremutz'uS.
770 2176 1041 2224 Historicus
1065 2178 1180 2237 fuit,
1205 2179 1289 2240 qui
1313 2179 1555 2226 bellorum
1578 2180 1789 2227 civilium
1802 2177 1958 2225 histo—

196 2253 315 2299 riam
357 2263 404 2300 et
442 2255 643 2320 Augusti
680 2270 757 2302 res
790 2255 880 2301 sub
915 2258 1143 2322 Augusto¹
1161 2257 1361 2318 scripsit.
1404 2257 1528 2318 Dio,
1559 2275 1689 2318 nvn,
1719 2274 1768 2320 p.
1813 2257 1910 2319 619
1946 2273 1957 2301 ι

197 2326 313 2382 ὥστε
342 2339 411 2382 ἐπὶ
438 2347 491 2401 τῇ
516 2342 698 2400 ἱστορίᾳ,
721 2342 768 2388 ἢν
803 2341 938 2383 ποίλοιι
975 2329 1079 2384 ποτε
1105 2341 1199 2400 περὶ
1237 2348 1318 2385 τῶν
1342 2349 1401 2400 τῷ
1435 2345 1660 2402 Αὐγούστῳ
1695 2345 1957 2402 πραχθέντων

199 2419 488 2474 συνετεθεὶκει,
516 2419 587 2464 καὶ
620 2421 666 2469 ἢν
694 2419 816 2468 αὐτὸς
847 2420 993 2469 ἐκεῖνος
1029 2419 1270 2479 ἀνεγνώκει,
1302 2424 1498 2478 κριθῆναι.
1529 2414 1600 2460 Cf.
1628 2415 1959 2460 Oummnonr.

201 2488 264 2534 ad
285 2490 397 2536 Tac.
414 2525 427 2550 ‚
445 2493 628 2537 Annal.
645 2524 660 2547 ,
688 2506 737 2537 ιτ
753 2525 765 2548 ,
792 2489 854 2545 34
870 2525 883 2549 ,
911 2499 957 2535 et
981 2492 1118 2537 Voss.
1132 2526 1145 2550 ‚
1171 2491 1292 2536 Hise.
1323 2493 1405 2537 lat.
1421 2525 1436 2547 ,
1465 2508 1480 2536 1
1499 2527 1513 2549 ,
1546 2507 1623 2537 22.

267 2579 553 2626 Excusandi
585 2595 651 2626 se.
696 2580 757 2626 H.
805 2595 845 2624 e.
884 2587 940 2624 ut
977 2588 1149 2641 sponte
1194 2588 1365 2626 senatu
1403 2581 1642 2627 cederent.
1690 2580 1785 2627 Dio
1802 2615 1816 2639 ,
1862 2596 1931 2626 Lu
1948 2616 1960 2638 ,

198 2672 246 2717 p-
270 2661 363 2718 494
382 2674 393 2703 :
411 2666 586 2716 Τούτους
604 2663 674 2710 οὗν
701 2666 879 2724 ἐκκρῖναι
898 2662 1123 2718 &oux-noca,
1146 2667 1267 2716 αὐτὸς
1287 2666 1358 2725 μὲν
1387 2663 1538 2710 οὐδένα
1571 2668 1705 2710 αὐτῶν
1733 2666 1950 2722 ἀπήλειψε·

199 2741 526 2800 προτρεψάμενος
558 2739 609 2786 δὲ
642 2745 747 2800 σφᾶς
771 2743 816 2785 ἐκ
851 2747 922 2786 τοῦ
949 2738 1181 2794 συνειδότος
1209 2749 1280 2786 τοῦ
1313 2761 1359 2786 τε
1382 2745 1519 2803 γένους
1538 2751 1610 2787 καὶ
1632 2748 1704 2787 τοῦ
1730 2741 1819 2786 &iou
1845 2739 1963 2786 δικα-

201 2835 302 2868 στας
326 2819 707 2879 ἔαυτοῖςγενέσθαι,
731 2821 778 2862 τὸ
808 2821 879 2879 μὲν
906 2826 1064 2879 πρῶτον
1095 2821 1353 2868 πεντήκοντά
1370 2839 1448 2865 που
1474 2823 1635 2865 ἔπεισεν
1666 2822 1873 2872 ἐθέλοντας
1898 2823 1960 2864 ἐκ·

201 2901 348 2944 στῆνοιι
370 2901 442 2940 τοῦ
468 2894 700 2957 συνεδρίου“
728 2898 874 2941 ἔπειτα
900 2893 949 2941 δὲ
974 2896 1045 2941 καὶ
1069 2898 1209 2948 ἄλλους
1234 2884 1378 2942 ἑκατὸν
1396 2898 1467 2942 καὶ
1491 2900 1805 2958 τεσσαράκοντα
1835 2899 1961 2957 μιμή-

199 2976 353 3016 σασθαι
378 2976 481 3031 σφᾶς
508 2975 736 3033 ἠνάγκασε.
762 2967 833 3014 Cf.
858 2968 1030 3014 TACIT.
1046 3004 1059 3027 ,
1094 2970 1298 3023 AnnaL,
1327 2984 1381 3014 xl
1400 3003 1413 3026 ,
1439 2967 1517 3015 αὖ.

271 3054 474 3101 Vestis...
488 3054 587 3115 jus.
613 3055 886 3103 Scil.latum
909 3057 1111 3103 clavum.
1138 3057 1261 3116 Dio,
1288 3074 1368 3103 mv
1385 3093 1398 3116 ‚
1421 3074 1468 3120 p.
1498 3056 1560 3103 50
1586 3074 1597 3104 :
1621 3067 1727 3108 Τότε
1751 3082 1798 3124 γε
1824 3067 1963 3114 αὐτοῖς

196 3138 267 3182 καὶ
292 3140 535 3185 συνθεοὶσθοιι
567 3142 638 3186 καὶ
674 3143 995 3186 συνεστιάασθαι
1019 3145 1102 3193 τοῖς
1130 3141 1384 3196 ὅουλεὺουσι,
1411 3150 1463 3201 τῇ
1500 3145 1605 3202 αὐτῇ
1643 3149 1768 3202 σκευῇ
1798 3145 1957 3202 χρωμέ-

197 3233 294 3270 νοις,
324 3219 594 3277 συνεχώρησε.
621 3239 688 3247 —-
727 3214 784 3257 In
817 3213 1058 3259 ooehestm
1088 3223 1333 3278 senatores
1363 3214 1528 3260 sedere
1557 3214 1654 3273 jam
1685 3213 1961 3260 monuimus

199 3286 248 3330 in
279 3286 426 3345 Caes„
452 3306 621 3351 supra,
646 3306 811 3336 xxxix.
831 3317 897 3327 —
919 3292 1170 3354 Epulanai
1177 3291 1262 3351 jus
1286 3292 1484 3354 publice
1507 3291 1555 3337 in
1583 3290 1823 3352 Capitolio
1849 3300 1958 3337 ante.

199 3363 331 3411 Jovis
361 3367 526 3413 cellam
555 3366 603 3414 in
644 3384 777 3415 coena
813 3369 940 3416 Diali
978 3378 1221 3417 senatores
1257 3371 1518 3418 habebant.
1560 3372 1708 3427 Gen„
1734 3385 1840 3428 κη,
1886 3370 1914 3415 8
1948 3386 1957 3413 :

199 3462 217 3479 α
250 3444 413 3500 Quum
439 3446 622 3491 solenni
649 3445 725 3492 die
752 3447 862 3493 Jovi
884 3447 1133 3506 libaretur,
1159 3458 1304 3511 atque
1328 3449 1393 3495 ob
1421 3449 1470 3494 id
1507 3446 1791 3495 sacrificium
1820 3463 1958 3493 sena-

1623 3540 1709 3576 12.
