2372 3918
769 264 1072 310 ocuvms
1109 262 1443 309 AUGUSTUS.
1889 264 1947 321 73

251 368 423 444 prima
442 412 457 441 ,
482 370 720 446 ipsorum
749 367 1044 437 arbitratu,
1061 386 1171 443 qua
1186 366 1269 422 vir
1295 367 1477 422 virum
1500 364 1656 443 legit3
1685 366 1915 426 secunda
1932 412 1949 439 ,

255 488 351 524 suo
377 481 430 524 et
446 470 730 546 Agrippas:
752 486 863 543 quo
889 477 1131 543 tempore
1147 467 1484 523 existimatur
1500 464 1667 522 lorica
1688 468 1789 523 sub
1808 480 1953 524 veste

254 569 498 624 munitus
533 567 785 643 ferroque
817 567 1027 623 cinctus
1060 565 1399 643 praesedisse,
1433 565 1618 622 decem
1651 564 1954 624 valentissi-

253 668 356 723 mis
379 666 631 724 senatorii
654 666 859 723 ordinis
875 666 1060 722 amicis
1077 664 1264 722 sellam
1288 686 1441 723 suam
1458 665 1953 722 circumstantibus

257 765 470 823 Cordus
501 765 817 823 Cremutius
858 765 1074 838 scribit,
1105 786 1173 822 ne
1219 765 1516 822 admissum
1558 763 1778 841 quidem
1825 776 1957 821 tunc

259 885 588 942 quemquam
637 876 974 938 senatorum,
1009 866 1111 921 nisi
1160 864 1339 922 solum
1368 876 1423 921 et
1458 876 1779 942 praetentato
1815 864 1956 920 sinu.

259 962 541 1036 Quosdam
575 963 644 1019 ad
673 963 965 1021 excusandi
1004 986 1060 1022 se
1094 964 1478 1022 verecundiam
1514 962 1776 1041 compulit
1811 985 1823 1020 :
1854 984 1963 1020 ser-

260 1065 516 1140 vavitque
543 1064 704 1120 etiam
729 1064 1114 1121 excusantibus
1137 1065 1349 1142 insigne
1378 1063 1541 1120 vestis
1560 1107 1575 1136 ,
1605 1074 1657 1119 et
1683 1062 1961 1140 spectandi

262 1165 318 1219 in
351 1163 629 1219 orchestra
658 1162 1025 1240 epulandique
1055 1162 1270 1241 publice
1298 1164 1404 1241 jus.
1450 1163 1580 1234 Quo
1612 1174 1793 1219 autem
1833 1161 1958 1218 lecti

264 1262 620 1339 probatique,
656 1275 710 1319 et
752 1262 1054 1341 religiosius
1082 1275 1136 1320 et
1173 1265 1383 1320 minore
1418 1262 1663 1319 molestia
1690 1262 1956 1319 senatoria

266 1383 498 1418 munera
545 1362 934 1440 fungerentur,
974 1364 1180 1435 sanxit,
1213 1375 1276 1419 ut
1315 1363 1633 1440 priusquam
1661 1361 1967 1418 consideret

268 1463 524 1538 quisque,
550 1462 711 1518 thure
734 1482 797 1518 ac
822 1483 973 1518 mero
995 1461 1325 1540 supplicaret
1357 1460 1505 1539 apud
1530 1481 1681 1517 aram
1712 1460 1826 1537 ejus
1853 1459 1965 1532 dei,

270 1563 326 1616 in
350 1562 502 1637 cujus
532 1560 736 1639 templo
759 1563 999 1618 coiretur
1025 1582 1037 1616 ε
1069 1574 1125 1618 et
1145 1582 1213 1617 ne
1241 1559 1363 1638 plus
1397 1581 1561 1637 quam
1589 1560 1672 1616 bis
1706 1561 1762 1615 in
1783 1580 1967 1616 mense

270 1660 542 1737 legitimus
570 1672 788 1716 senatus
809 1657 1343 1737 ageretur‚kalendis
1373 1671 1427 1714 et
1455 1658 1664 1713 idibus:
1692 1678 1827 1714 neve
1847 1678 1970 1735 sep-

273 1759 467 1814 tembri
502 1759 779 1814 octobrive
809 1777 989 1815 mense
1026 1756 1167 1815 ullos
1189 1756 1374 1813 adesse
1396 1755 1530 1813 alios
1557 1776 1771 1813 necesse
1799 1768 1969 1829 esset,

273 1878 435 1934 quam
467 1869 611 1913 sorte
638 1855 829 1913 ductos
848 1899 864 1929 ,
898 1876 994 1933 per
1024 1876 1258 1932 quorum
1289 1876 1579 1911 numerum
1596 1854 1807 1911 decreta
1840 1876 1970 1911 con-

274 1956 360 2012 fici
389 1968 610 2033 possent
638 1977 651 2011 z
682 1956 892 2031 sibique
921 1955 1156 2012 instituit
1188 1952 1409 2012 consilia
1444 1956 1627 2011 sortiri
1663 1955 1965 2024 semestria,

277 2076 401 2111 cum
431 2055 630 2131 quibus
658 2054 725 2111 de
754 2055 983 2132 negotiis
1010 2053 1079 2109 ad
1107 2054 1446 2130 frequentem
1475 2066 1722 2110 senatum
1748 2053 1974 2110 referen-

279 2155 360 2210 dis
404 2166 528 2211 ante
574 2165 848 2210 tractaret.
897 2154 1203 2210 Sententias
1246 2153 1313 2209 de
1365 2154 1569 2230 majore
1614 2154 1834 2230 negotio
1862 2173 1969 2208 non

279 2274 430 2309 more
464 2265 626 2329 atque
654 2251 874 2323 ordine,
902 2251 995 2308 sed
1021 2259 1188 2329 prout
1215 2250 1489 2324 libuisset,
1529 2252 1880 2329 perrogabat,
1912 2264 1976 2306 ut

280 2351 502 2430 perinde
533 2354 760 2428 quisque
805 2352 1047 2407 animum
1090 2350 1419 2424 intenderet,
1452 2372 1516 2407 ac
1559 2352 1603 2407 si
1643 2351 1972 2407 censendum

280 2452 477 2528 magiS,
508 2471 675 2527 quam
710 2448 1111 2506 assentiendum
1139 2463 1294 2507 esset.

361 2551 618 2606 XXXVI.
663 2551 873 2606 Auctor
902 2561 955 2606 et
984 2547 1215 2606 aliarum
1245 2570 1428 2605 rerum
1463 2550 1566 2606 fuit
1595 2572 1607 2605 ε
1638 2550 1695 2606 in
1729 2550 1878 2626 quis,
1909 2570 1976 2605 ne

285 2660 406 2703 acta
434 2660 649 2703 senatus
674 2646 1111 2724 publicarentur3
1130 2669 1198 2704 ne
1219 2649 1591 2726 magistratuS‚
1616 2648 1862 2725 deposito
1883 2648 1978 2704 ho-

287 2766 421 2801 nore
437 2788 452 2815 ,
469 2747 650 2801 statim
674 2746 729 2802 in
755 2746 1060 2820 provincias
1085 2747 1459 2818 mitterentur3
1483 2759 1544 2802 ut
1560 2746 1975 2824 proconsulibus

288 2845 356 2901 ad
383 2843 559 2900 mulos
592 2855 646 2899 et
680 2841 1028 2899 tabernacula
1047 2885 1063 2912 ‚
1093 2864 1212 2918 quae
1243 2843 1459 2920 publice
1489 2844 1653 2905 locari
1695 2844 1940 2901 solebant
1959 2886 1975 2914 ,

289 2955 434 2999 certa
466 2942 694 3019 pecunia
722 2942 1142 2997 constitueretur
1173 2962 1186 2996 ε
1218 2953 1280 2997 ut
1317 2962 1445 2998 cura
1479 2944 1651 2998 aerarii
1680 2964 1711 2999 a
1739 2955 1971 3019 quaesto-

291 3044 439 3097 ribus
467 3042 688 3096 urbanis
718 3040 786 3094 ad
810 3041 1090 3116 praetorios
1112 3052 1436 3116 praetoresve
1463 3041 1741 3111 transiret3
1770 3053 1827 3096 ut
1853 3061 1976 3096 cen-

292 3138 636 3197 tumviralem
677 3140 915 3210 hastam,
948 3147 1108 3214 qua'm
1138 3151 1407 3214 quaestura
1442 3139 1610 3194 functi
1657 3150 1976 3195 consuerant

296 3261 486 3316 cogere
503 3283 517 3312 ,
549 3238 833 3294 decemviri
863 3251 1129 3314 cogerent.
