2372 3918
829 257 896 302 IN
931 255 1255 301 NERONEM.
1563 303 1566 308 ,
1816 273 1840 302 2
1851 258 1875 302 ‘3
1885 274 1901 303 ι

184 350 428 397 cuniarum
461 352 653 410 librum,
687 366 830 413 quem
854 348 1171 397 conficiebant
1206 351 1290 411 qui
1321 351 1520 397 Veneris
1553 351 1770 398 Libitinae
1800 354 1903 398 the-

183 444 325 474 sauro
347 430 760 490 praeponebantur.
786 429 844 474 H.
877 444 917 475 e.
951 429 1122 473 mortui
1135 438 1253 474 sunt.

254 507 437 553 Clades.
465 506 536 552 Cf.
567 508 756 562 Timr„
782 507 956 551 Annal.
971 538 986 559 ‚
1024 520 1125 562 xiv,
1152 521 1214 566 29
1239 522 1345 567 sqq.

255 582 458 644 Oppida.
482 584 555 628 Sc.
583 581 966 628 Camulodunum
994 589 1040 626 et
1062 582 1414 647 Yerulamium.

251 660 484 721 Magna...
473 694 499 705 ..
529 661 672 705 caede.
703 661 775 705 Ex
806 658 983 716 Tacit,
1007 660 1036 703 l.
1077 674 1116 704 c.
1129 693 1141 714 ,
1181 658 1269 716 33,
1300 663 1604 723 septuaginta
1638 665 1791 710 mcllia
1824 682 1912 726 pe-

184 736 381 781 rierunt.
408 736 616 801 Xiphil„
641 736 723 781 ub.
755 750 857 795 sup.
875 769 887 792 ,
913 750 962 795 p.
998 750 1122 793 700,
1148 735 1263 781 dicit
1296 739 1531 798 octoginta
1555 739 1735 785 millia:
1761 752 1914 805 Μυριά-

183 816 253 868 ὃες
281 821 383 862 ὀκτὼ
407 826 485 862 τῶν
509 837 555 863 τε
589 812 783 877 Ρωμαίων
809 818 878 861 καὶ
902 825 981 861 τῶν
1014 821 1238 876 συυμοὶχυν
1266 823 1396 863 αὐτῶν
1425 823 1662 880 ἐφθάρησαν.

250 890 549 950 Legionibum
577 889 821 934 Caesennio
847 892 970 933 Paeto
1001 889 1151 944 duce,
1179 884 1731 949 testeTacito,>111nal.,
1767 910 1845 954 xv,
1871 878 1915 941 6.

250 968 463 1011 Retenta.
492 967 564 1011 Sc.
600 966 775 1011 virtute
801 967 1113 1023 Colbulonis,
1137 968 1241 1012 issbul
1258 1002 1270 1024 ,
1296 983 1341 1027 9.

254 1045 444 1088 Dilis-se.
493 1043 643 1098 1bid.,
686 1043 745 1100 67
796 1059 807 1086 ε
849 1044 954 1088 «Ut
985 1043 1217 1089 faciendis
1243 1046 1499 1090 sceleribus
1536 1057 1817 1108 promptus,
1853 1051 1917 1096 ita

186 1120 411 1166 audiendi
439 1136 544 1180 quae
567 1120 763 1177 faceret,
787 1118 993 1165 insolens
1018 1130 1131 1166 erat.
1151 1141 1170 1162 »

249 1199 486 1244 Sustulit...
512 1198 711 1242 sustulit.
735 1198 887 1242 Lusus
910 1197 959 1241 in
994 1213 1111 1242 voce
1145 1199 1359 1252 sustulit,
1390 1198 1472 1259 qui
1503 1199 1658 1260 priori
1689 1201 1800 1246 sede
1834 1219 1919 1246 ne-

185 1275 305 1319 cavit
330 1272 589 1335 significat;
613 1273 870 1333 posteriori
900 1289 1014 1318 vero
1043 1274 1246 1319 humeris
1269 1276 1447 1320 extulit.

254 1351 451 1396 Cornua.
480 1352 535 1395 H.
562 1366 600 1395 e.
635 1366 809 1395 arcum.

250 1430 440 1473 Domus.
458 1429 530 1473 Sc.
546 1429 709 1472 domus
723 1444 869 1472 aurea
887 1444 992 1489 quae
1006 1436 1206 1489 propter
1221 1429 1459 1474 laxitatem
1488 1446 1586 1474 non
1601 1446 1698 1476 esse
1720 1431 1770 1475 in
1787 1433 1918 1478 Urbe

186 1507 365 1562 Roma,
389 1505 471 1550 sed
505 1506 701 1550 Romam
735 1520 902 1564 capere
939 1505 1207 1552 videbatur.
1238 1507 1380 1564 plin„
1408 1508 1463 1551 H.
1495 1508 1552 1551 Ν.
1571 1540 1586 1560 ,
1628 1522 1818 1565 xxxnr,
1845 1508 1871 1553 3
1907 1526 1916 1552 :

188 1603 206 1621 «
226 1583 285 1627 Et
301 1590 448 1642 quota
472 1596 580 1641 pars
602 1571 654 1626 ea
679 1590 930 1641 apparatus
954 1582 1043 1627 fuit
1066 1597 1216 1627 aureae
1234 1583 1402 1628 domus
1418 1582 1665 1628 ambientis
1682 1584 1874 1632 Urbem.
1895 1605 1919 1626 w

254 1660 361 1704 Cn.
386 1660 488 1704 XL.
521 1659 687 1703 Gallis.
722 1660 973 1703 Burmann.
1007 1658 1247 1704 :Gallicis.

260 1737 467 1780 Vindice.
499 1735 710 1795 Xiphil.,
735 1752 881 1794 Lxul,
904 1752 951 1796 p.
981 1742 1109 1794 7242
1138 1744 1255 1792 Γάϊος
1279 1734 1422 1792 Ιοὺλιος
1445 1739 1623 1795 Βίνὸιξ...
1658 1748 1919 1804 συναθροίσας

188 1820 277 1868 τοὺς
303 1820 492 1868 Γαλάτας
515 1819 646 1862 πολλὰ
669 1821 920 1870 πεπονθότας
951 1837 997 1862 τε
1023 1822 1060 1862 ἐν
1085 1822 1175 1870 ταῖς
1195 1822 1359 1876 συχναῖς
1386 1820 1618 1878 εἰσπράξεσι
1651 1828 1729 1864 τῶν
1763 1825 1920 1880 χρημά-

188 1913 266 1939 των
298 1894 367 1938 καὶ
391 1897 451 1938 ἔτι
474 1896 710 1952 πάσχοντας
732 1897 808 1939 ὑπὸ
836 1898 1036 1955 Νέρωνος”
1061 1896 1131 1940 καὶ
1157 1895 1313 1946 ἀναὲὰς
1338 1898 1404 1939 ἐπὶ
1440 1895 1580 1954 Εῆμα,
1619 1898 1776 1956 μακρὰν
1809 1895 1917 1950 διεξ-

184 1977 278 2021 ῆλθε
305 1972 415 2015 κατὰ
438 1978 509 2016 τοῦ
537 1976 716 2031 Νέρωνος
745 1975 854 2030 ῥῆσιν
873 2000 887 2022 ,
913 1975 1037 2031 λέγων
1074 1970 1160 2016 δεῖν
1200 1975 1432 2022 ἀποστῆναί
1462 1991 1506 2016 τε
1541 1977 1690 2026 αὐτοῦ,
1723 1976 1793 2018 καὶ
1829 1977 1918 2033 ἅμα

187 2050 221 2092 οἱ
246 2052 472 2097 ἐπιστῆναι.

253 2127 410 2183 Τρέφει.
438 2119 647 2178 Xiphil.‚
673 2120 702 2163 l.
728 2134 796 2175 c.,
825 2135 874 2178 p.
913 2120 1006 2176 726
1034 2137 1045 2163 Ξ
1079 2119 1130 2175 ΪΞς
1163 2133 1280 2169 τοῦτο
1304 2128 1380 2184 γὰρ
1418 2129 1554 2176 ἀνοίας
1586 2130 1778 2179 ἐληλύθει,
1810 2131 1917 2171 ὥστε

188 2200 257 2246 καὶ
272 2207 514 2254 πιστεῦσαι,
531 2202 591 2244 ὅτι
608 2204 735 2251 ἄλλως
745 2219 791 2244 τε
809 2198 1044 2245 ἰδιωτεῦσαι
1066 2204 1314 2261 καὶπροσέτι
1338 2202 1406 2246 καὶ
1428 2200 1663 2260 κιθαρῳδεῖν
1679 2201 1916 2251 δυνήσεται.

254 2270 515 2317 Relat'uros.
548 2274 614 2318 Ut
648 2273 882 2333 Polycrati
917 2274 1140 2318 annulum
1166 2276 1438 2318 retulerant.
1468 2273 1535 2318 Cf.
1570 2275 1704 2331 Cic.,
1739 2276 1798 2317 de
1830 2276 1915 2318 Fi-

183 2350 275 2394 m'b.
295 2384 308 2403 ,
335 2366 380 2406 v,
408 2350 483 2393 30.

250 2427 358 2472 Cu.
398 2428 524 2472 XLI.
573 2429 866 2485 Increpitum.
912 2427 1092 2486 Nempe
1131 2442 1155 2471 a
1198 2426 1421 2483 Vindice,
1462 2426 1662 2471 docente
1697 2426 1913 2474 Philostr.

187 2505 411 2563 Apollon.
428 2538 441 2560 ‚
467 2519 513 2560 v,
551 2502 576 2546 3
612 2520 621 2547 :
648 2500 731 2566 Eepn
757 2504 837 2564 (sc.
871 2502 1076 2565 Vindex)
1099 2510 1174 2568 γὰρ
1205 2511 1372 2567 Νέρωνα
1399 2507 1496 2553 εἷναι
1522 2511 1662 2553 πάντα
1699 2513 1846 2567 μᾶλλον
1882 2514 1909 2559 ἢ

184 2584 403 2643 κιθαρῳδόν
421 2596 431 2606 ·
453 2585 520 2629 καὶ
544 2585 779 2643 κιθαρῳδὸν,
803 2590 950 2644 μᾶλλον
976 2589 1001 2635 ἢ
1029 2585 1217 2630 ἕασιλεά.

253 2657 617 2702 Consultatione.
644 2658 700 2701 H.
730 2672 769 2701 e.
799 2657 971 2716 raptim
996 2657 1173 2717 rogatis
1198 2658 1449 2702 sententiis.

256 2734 451 2794 Organa
476 2734 766 2794 hydmulica.
796 2735 1111 2779 Instrumenta
1133 2734 1329 2792 musica,
1359 2735 1406 2779 in
1433 2735 1629 2795 quibus,
1655 2750 1786 2794 aquae
1813 2734 1903 2778 im-

184 2812 344 2871 pulsu,
367 2827 506 2856 voces
519 2810 784 2856 suavissima
807 2810 1132 2855 modulatione
1157 2811 1431 2856 edebantur.
1471 2813 1556 2857 Illa
1587 2811 1761 2858 invenit
1794 2812 1925 2855 Cte-.

182 2887 327 2933 sibius
344 2887 716 2944 Alexandrinus,
735 2896 856 2932 teste
880 2888 1074 2943 Athen„
1102 2903 1166 2944 iv,
1200 2903 1246 2947 p.
1276 2895 1379 2945 ¹74·
1398 2888 1468 2933 Cf.
1501 2891 1734 2945 Vrrnuv„
1768 2904 1831 2943 xv,
1860 2905 1902 2947 9.

182 2964 355 3009 Eadem
391 2964 590 3024 perfecit
630 2964 951 3009 Archimedes.
997 2964 1117 3008 Vide
1158 2967 1428 3022 'I'Em¹u1.1..,
1468 2967 1528 3009 cle
1564 2967 1760 3021 Anima,
1804 2980 1903 3009 xiv.

181 3061 201 3080 σι
218 3042 387 3100 Specta
404 3068 466 3074 -
483 3050 613 3085 erant
632 3040 836 3085 omnia.»

250 3118 359 3162 Cn».
375 3119 525 3162 XLII.
542 3118 798 3177 Collqpsus.
812 3118 1045 3162 Plutarch.
1062 3154 1074 3175 ,
1099 3118 1146 3163 in
1162 3118 1300 3163 calb.
1316 3151 1328 3170 ,
1355 3134 1402 3177 p.
1427 3116 1544 3162 1055
1570 3134 1581 3162 ε
1609 3115 1705 3180 Ᾰμα
1721 3130 1777 3183 τῷ
1789 3128 1908 3167 moi·

184 3203 275 3241 σθαι
298 3200 351 3242 τὰ
369 3199 458 3257 περὶ
474 3199 636 3244 Γάλῧαν
651 3201 784 3256 (ἔτυχε
799 3197 847 3242 δὲ
860 3197 1087 3258 λελουμένος
1099 3201 1168 3245 καὶ
1187 3198 1376 3258 ἀριστῶν)
1389 3194 1668 3257 ἁνίτρεψι’τῆν
1683 3185 1896 3256 τράπεζαν.

223 3269 368 3314 ·Suis.
405 3272 462 3316 H.
497 3286 533 3315 e.
574 3270 701 3315 haud
732 3271 853 3315 bene
880 3285 986 3315 eum
1022 3270 1197 3327 facere,
1232 3271 1387 3330 quod,
1418 3270 1530 3315 dum
1567 3270 1665 3330 ipse
1701 3271 1900 3330 negotiis
