2372 3918
232 261 234 263 ’
275 267 363 312 136
615 291 621 297 ·
945 270 995 315 C.
1025 270 1315 317 SUETONH

349 374 528 430 XXX.
550 373 702 447 Quin
719 375 881 430 etiam
900 376 1134 452 speciem
1153 375 1417 432 libertatis
1433 375 1728 453 quamdam
1747 377 1987 451 induxit,

271 475 604 529 conservatis
629 475 840 531 senatui
866 496 929 531 ac
951 476 1356 553 magistratibus
1381 489 1436 533 et
1457 476 1738 553 majestate
1759 478 1990 554 pristina

271 583 326 628 et
353 584 622 650 potestate
657 595 670 630 z
706 595 884 651 neque
910 586 1022 631 tam
1050 596 1280 652 parvum
1317 578 1609 654 quicquam
1626 620 1642 648 ,
1673 597 1851 654 neque
1878 589 1988 633 tam

268 692 532 750 magnum
571 672 778 751 publici
817 675 1128 751 privatique
1155 677 1361 754 negotii
1394 677 1525 751 fuit,
1551 677 1618 732 de
1646 697 1756 754 quo
1781 698 1894 734 non
1921 677 1991 733 ad

268 774 328 828 P.
374 774 436 830 C.
471 772 783 830 referretur.
812 778 899 831 De
930 775 1285 853 vectigalibus
1319 798 1383 833 ac
1411 777 1767 856 monopoliis,
1796 776 1866 832 de
1899 797 1991 832 ex-

269 873 543 930 struendis
586 874 961 931 reficiendisve
1007 875 1294 952 operibuS,
1333 879 1497 933 etiam
1533 878 1600 933 de
1633 877 1867 955 legendo
1904 875 1991 931 vel

271 974 677 1031 exauctorando
711 974 912 1047 milite,
947 996 1011 1031 ac
1043 974 1321 1053 legionum
1353 989 1408 1033 et
1437 977 1763 1034 auxiliorum
1791 975 1992 1032 descri-

269 1075 487 1150 ptione3
530 1075 790 1152 denique,
839 1076 1034 1152 quibus
1075 1077 1366 1153 imperium
1406 1079 1720 1156 prorogari,
1763 1089 1858 1133 aut
1903 1097 1994 1132 ex-

272 1174 639 1232 traordinaria
671 1175 813 1232 bel-la
856 1175 1132 1250 mandari,
1172 1177 1305 1254 quid
1350 1189 1404 1233 et
1442 1199 1551 1254 qua
1586 1178 1763 1234 forma
1802 1198 1993 1255 regum

272 1274 461 1330 litteris
475 1276 700 1331 rescribi
733 1275 989 1352 placeret.
1015 1276 1339 1333 Praefectum
1367 1277 1463 1332 alae
1481 1320 1497 1350 ,
1527 1277 1595 1332 de
1623 1279 1677 1332 vi
1710 1289 1764 1332 et
1789 1277 1994 1353 rapinis

272 1395 459 1447 reum,
501 1396 720 1431 causam
759 1377 817 1431 in
858 1389 1050 1432 senatu
1091 1377 1275 1432 dicere
1315 1378 1510 1454 coegit.
1550 1379 1851 1452 Nunquam
1897 1396 1994 1431 cu·

272 1478 412 1532 riam
430 1477 531 1531 nisi
553 1474 696 1531 solus
722 1476 977 1532 intravit:
997 1477 1190 1532 lectica
1212 1476 1491 1553 quondam
1514 1474 1803 1532 introlatus
1825 1496 1996 1553 aeger,

274 1579 499 1634 comites
534 1599 566 1633 a
592 1598 648 1633 se
683 1579 934 1634 removit.

355 1681 563 1736 XXXI.
601 1677 867 1751 Quaedam
902 1679 1160 1735 adversus
1192 1681 1517 1735 sententiam
1554 1700 1708 1735 suam
1743 1679 1998 1751 decerni,

277 1801 347 1836 ne
377 1790 598 1856 questus
621 1778 843 1855 quidem
865 1791 960 1835 est.
986 1781 1240 1858 Negante
1272 1801 1338 1835 eo
1355 1821 1370 1851 ,
1399 1775 1695 1835 destinatos
1721 1781 2001 1858 magistra-

277 1895 364 1938 tus
394 1881 582 1938 abesse
612 1893 897 1958 oportere,
927 1893 987 1936 ut
1014 1892 1306 1956 praesentes
1331 1880 1531 1935 honori
1561 1881 1998 1956 acquiescerent,
2063 1927 2065 1929 .

277 1995 483 2059 praetor
515 1981 828 2059 designatus
871 1980 1102 2036 liberam
1142 1979 1472 2057 legationem
1517 1980 1848 2057 impetravit.
1890 1982 1999 2035 Ite-

278 2103 404 2138 rum
430 2093 712 2161 censente,
744 2093 806 2136 ut
830 2081 1116 2137 Trebianis
1141 2079 1378 2157 legatam
1407 2082 1463 2134 in
1493 2100 1629 2156 opus
1650 2079 1780 2134 novi
1802 2079 2001 2135 theatri

279 2183 570 2259 pecuniam
609 2180 679 2236 ad
719 2181 1082 2237 munitionem
1111 2181 1210 2235 viae
1242 2178 1538 2235 transferre
1575 2177 2002 2250 concederetur,

282 2282 532 2338 obtinere
559 2303 672 2337 non
703 2282 914 2358 potuit,
948 2282 1080 2357 quin
1113 2292 1232 2336 rata
1267 2278 1520 2335 voluntas
1555 2277 1810 2356 legatoris
1846 2290 2001 2334 esset.

284 2383 471 2455 Quum
512 2380 1044 2437 senatusconsultum
1088 2401 1193 2458 per
1227 2379 1610 2436 discessionem
1647 2377 1787 2432 forte
1819 2376 2003 2448 fieret,

285 2493 662 2563 transeuntem
694 2502 821 2538 eum
853 2483 908 2536 in
951 2479 1180 2537 alteram
1216 2491 1427 2556 partem
1447 2521 1462 2550 ,
1493 2479 1550 2532 in
1584 2498 1693 2554 qua
1719 2478 2005 2554 pauciores

287 2593 471 2655 erant,
505 2594 721 2638 secutus
743 2593 824 2637 est
849 2601 1028 2636 nemo,
1059 2583 1257 2636 Cetera
1287 2599 1505 2655 quoque
1528 2579 1745 2633 nonnisi
1767 2598 1868 2655 per
1894 2598 2008 2633 ma-

280 2682 571 2759 gistratu&
603 2693 658 2737 et
686 2681 810 2756 jure
842 2679 1121 2736 ordinario
1157 2678 1489 2757 agebantur;
1529 2689 1681 2733 tanta
1723 2675 2006 2733 consulum

290 2782 616 2838 auctoritate
635 2825 650 2854 ,
684 2794 746 2837 ut
770 2781 936 2858 legati
970 2801 1036 2836 ex
1067 2779 1254 2836 Africa
1285 2778 1520 2834 adierint
1547 2798 1669 2851 eOS,
1693 2789 2006 2854 querenteS,

290 2882 435 2937 trahi
472 2901 529 2936 se
566 2903 600 2937 a
634 2884 875 2952 Caesare,
908 2879 978 2936 ad
1007 2900 1172 2957 quem
1206 2879 1353 2935 missi
1384 2878 1580 2934 forent.
1620 2879 1739 2935 Nec
1771 2879 1970 2932 mirum
1993 2920 2008 2947 ‚

293 3001 461 3055 quum
498 2979 680 3057 palam
724 2992 891 3052 esset,
926 2981 1104 3057 ipsum
1133 2999 1352 3055 quoque
1377 2977 1582 3034 eisdem
1609 2990 1663 3033 et
1694 2995 1975 3054 assurgere
1996 3020 2010 3045 ,

294 3091 349 3134 et
379 3079 643 3136 decedere
676 3082 780 3136 via.

376 3181 612 3235 XXXII.
643 3181 926 3256 Corripuit
955 3178 1267 3234 consulares
1299 3179 1625 3233 exercitibus
1659 3175 1975 3253 praepositos
2000 3219 2012 3244 ,

302 3278 448 3353 quod
493 3300 604 3334 non
642 3279 711 3334 de
744 3280 908 3335 rebus
946 3280 1108 3356 gestis
1147 3280 1359 3333 senatui
1392 3277 1719 3348 scriberent,
1755 3275 2011 3352 quodque
