2372 3918
376 289 432 334 24
1043 281 1091 324 C.
1129 279 1414 325 SUETONII

373 397 452 441 set
487 406 499 440 ε
534 406 641 461 qua
673 384 983 442 conditione
1015 396 1208 459 quarta
1245 404 1368 460 pars
1403 382 1513 437 fere
1545 379 1735 437 crediti
1768 380 2066 457 deperibat.

372 487 586 541 Cuncta
611 483 837 561 collegia
854 527 869 555 ,
898 494 1094 558 praeter
1123 482 1423 557 antiquitus
1452 481 1770 552 constituta,
1805 480 2069 536 distraxit.

370 585 562 639 Poenas
589 583 893 639 facinorum
923 584 1074 638 auxit
1110 604 1122 636 :
1153 594 1207 637 et
1233 602 1404 657 quum
1437 579 1731 656 locupletes
1767 601 1832 636 eo
1862 579 2070 636 facilius

373 680 571 738 scelere
603 703 659 738 se
689 681 1023 759 obligarent,
1054 681 1202 756 quod
1232 683 1457 757 integris
1494 681 1834 756 patrimoniis
1868 679 2074 736 exsula-

374 781 538 852 bant,
571 778 893 857 parricidaS,
926 792 990 834 ut
1011 780 1205 835 Cicero
1243 780 1432 835 scribit
1451 822 1465 848 ,
1496 780 1654 834 bonis
1681 780 1961 848 omnibus,
1997 802 2075 836 re-

371 877 550 954 liquos
582 878 807 934 dimidia
838 891 994 954 parte
1020 877 1292 933 multavit.

451 980 651 1033 XLIII.
684 981 780 1033 Jus
820 976 1238 1034 laboriosissime
1266 998 1330 1033 ac
1366 975 1698 1036 severissime
1725 979 1877 1033 dixit.
1907 972 2077 1053 Repe-

368 1077 666 1133 tundarum
697 1080 977 1134 convictos
1006 1079 1168 1133 etiam
1206 1078 1397 1134 ordine
1440 1080 1714 1136 senatorio
1751 1079 1935 1132 movit.
1968 1079 2073 1133 Di-

369 1181 530 1234 remit
575 1180 791 1255 nuptias
842 1179 1078 1254 praetorii
1128 1179 1262 1250 viri,
1310 1180 1403 1254 qui
1450 1178 1745 1254 digressam
1795 1197 1826 1231 a
1876 1178 2075 1241 marito

370 1291 492 1354 post
525 1279 754 1334 biduum
799 1279 980 1333 statim
1019 1276 1281 1349 duxerat,
1324 1278 1571 1353 quamvis
1612 1279 1727 1331 sine
1770 1276 1958 1351 probri
1996 1296 2075 1330 su-

370 1380 625 1453 spicione.
645 1380 1063 1464 Peregrinarum
1092 1379 1355 1432 mercium
1386 1379 1628 1453 portoria
1658 1377 1909 1432 instituit.
1938 1379 2074 1431 Lec-

370 1480 600 1534 ticarum
646 1499 835 1547 usum,
879 1479 1008 1533 item
1054 1476 1404 1552 conchyliatae
1440 1478 1634 1546 vestiS,
1674 1488 1729 1530 et
1764 1475 2076 1551 margarita-

371 1599 520 1649 rum,
540 1578 644 1633 nisi
669 1578 830 1633 certis
859 1578 1103 1652 personis
1129 1587 1181 1631 et
1204 1576 1484 1645 aetatibus,
1509 1595 1714 1650 perque
1731 1585 1907 1628 certos
1927 1572 2039 1627 dies
2060 1615 2074 1641 ,

370 1676 587 1732 ademit.
607 1679 809 1751 Legem
834 1677 1104 1751 praecipue
1132 1675 1526 1750 sumptuariam
1553 1674 1795 1728 exercuit
1817 1694 1829 1726 :
1855 1672 2075 1749 disposi-

370 1777 439 1832 tis
469 1777 612 1831 circa
645 1774 932 1837 macellum
967 1774 1314 1846 custodibuS,
1345 1774 1438 1849 qui
1471 1775 1699 1850 opsonia
1726 1786 1916 1828 contra
1946 1773 2074 1827 veti-

370 1888 488 1930 tum
529 1877 856 1945 retinere-nt,
902 1874 1361 1951 deportarentque
1396 1873 1464 1957 ad
1498 1893 1584 1943 se3
1617 1873 1912 1927 summissis
1944 1892 2074 1929 non-

371 1995 654 2050 nunquam
689 1972 972 2029 lictoribus
1006 1985 1168 2049 atque
1202 1971 1465 2027 militibus
1487 2016 1501 2039 ,
1535 1973 1660 2046 qui,
1692 1973 1737 2026 si
1763 1991 1871 2046 qua
1900 1981 2077 2025 custo-

371 2072 464 2128 des
492 2071 837 2144 fefellissent,
862 2073 978 2148 jam
1003 2073 1253 2149 apposita
1282 2093 1312 2126 e
1342 2070 1582 2126 triclinio
1612 2070 1903 2125 auferrent.

448 2174 649 2229 XLIV.
702 2176 822 2228 Jam
869 2172 936 2227 de
977 2170 1221 2227 ornanda
1270 2169 1694 2245 instruendaque
1738 2169 1899 2241 urbe,
1941 2169 2072 2224 item

373 2270 440 2325 de
482 2270 688 2327 tuendo
727 2269 1147 2348 ampliandoque
1187 2270 1445 2346 imperiO,
1480 2267 1635 2345 plura
1671 2290 1733 2324 ac
1768 2269 1974 2344 majora
2017 2269 2073 2322 in

373 2368 488 2425 dies
534 2369 839 2425 destinabat
873 2394 884 2423 :
922 2371 977 2424 in
1022 2369 1211 2446 primi-s
1238 2370 1434 2424 Martis
1475 2367 1738 2443 templum
1758 2410 1773 2438 ,
1810 2379 2073 2441 quantum

372 2489 641 2545 nusquam
667 2480 838 2540 esset,
869 2480 1146 2523 exstruere
1167 2510 1182 2538 ,
1215 2465 1424 2542 repleto
1458 2479 1513 2521 et
1547 2464 1893 2541 complanato
1927 2464 2074 2534 lacu,

371 2568 428 2621 in
458 2588 569 2643 quo
612 2567 945 2622 naumachiae
986 2564 1352 2642 spectaculum
1391 2564 1654 2634 ediderat,
1690 2563 2074 2636 theatrumque

373 2685 597 2720 summae
626 2665 1019 2743 magnitudinis
1048 2665 1282 2741 Tarpeio
1318 2665 1492 2719 monti
1526 2663 1795 2718 accubans
1832 2683 1843 2716 ε
1879 2662 1965 2738 jus
2001 2661 2075 2714 ci-

374 2762 478 2818 vile
506 2764 575 2818 ad
608 2776 816 2819 certum
843 2764 1070 2820 modum
1098 2763 1343 2840 redigere
1363 2806 1378 2833 ,
1409 2774 1571 2837 atque
1597 2783 1663 2816 ex
1690 2761 1952 2814 immensa
1980 2759 2077 2813 dif-

373 2861 599 2938 fusaque
631 2862 815 2940 legum
849 2865 1035 2940 copia,
1072 2863 1278 2939 optima
1313 2882 1541 2937 quaeque
1582 2872 1635 2915 et
1677 2859 1975 2914 necessaria
2017 2858 2072 2910 in

372 2962 727 3037 paucissimos
762 2962 1006 3019 conferre
1038 2961 1206 3016 libros
1241 2982 1253 3015 z
1287 2959 1643 3018 bibliothecas
1675 2977 1874 3034 graecas
1908 2969 1961 3011 et
1996 2955 2073 3009 la-

373 3061 542 3132 tinaS,
571 3075 704 3137 quas
727 3063 986 3117 maximas
1013 3073 1225 3137 posset,
1246 3056 1551 3135 publicare,
1580 3058 1704 3113 data
1720 3059 1798 3113 M.
1832 3055 2070 3111 Varroni

376 3179 507 3214 cura
537 3161 1025 3237 comparandarum
1062 3179 1123 3214 ac
1154 3156 1574 3234 digerendarum
1606 3179 1617 3211 :
1649 3158 1848 3211 siccare
1882 3157 2074 3228 Pomp-

376 3258 515 3312 tinas
546 3257 767 3332 paludes
798 3281 810 3313 :
844 3259 1090 3313 emittere
1124 3258 1391 3311 Fucinum
1425 3255 1600 3310 lacum
1642 3277 1653 3308 ε
1688 3255 1828 3308 viam
1859 3254 2073 3307 munire

2353 1767 2358 1781 ψ
2358 1701 2361 1706 -
2352 1643 2364 1656 1·
2348 1129 2369 1631 ‘w—n—rJ-s-ssa-ms'me»
2348 480 2372 1114 .Qfflufflst
2351 388 2370 469 ow<
