2372 3918
388 281 476 335 1l,8
1155 280 1346 325 NOTAE

456 378 739 420 Transversa
768 374 952 420 charta.
987 377 1044 421 H.
1078 392 1116 421 e.
1158 378 1206 421 in
1218 375 1387 434 forma
1401 386 1625 437 patente,
1658 375 1794 437 quod
1831 375 1899 420 sic
1928 375 2133 436 explicat

384 453 565 500 Ernest.
592 470 602 497 ε
630 461 685 498 ut
714 468 875 499 versus
913 456 1054 514 super
1079 468 1269 500 omnem
1300 455 1508 500 chartam
1544 464 1806 500 transverse
1837 453 2131 515 dirigantur,

385 546 539 591 eaque
574 540 740 592 postea
772 533 1099 577 convolvatur.

454 609 537 653 Ad
550 609 832 655 Ciceronem.
851 606 966 668 Dio,
992 625 1139 670 XL,P·
1173 615 1263 665 124
1289 626 1299 654 ε
1333 617 1491 675 Καὶτῷ
1522 617 1718 674 Κικέρωνι
1747 610 1869 659 πάνθ’
1902 616 1979 660 ὅσοι
2008 614 2131 659 ε’ἔου-

383 693 480 740 λήθη
507 693 707 740 ἑλληνιστὶ
732 695 975 737 ἐπέστειλεν.

452 765 535 808 Ad
539 765 834 823 familiares.
866 765 1011 822 Gell.,
1043 780 1171 822 xvn,
1189 780 1220 826 9
1253 781 1264 809 ε
1293 786 1312 806 «
1332 765 1467 810 Libri
1499 772 1608 810 sunt
1630 764 1940 825 epistmarum
1956 763 2007 808 C.
2026 764 2132 809 Cae-

384 842 499 888 saris
526 841 588 887 ad
618 842 668 888 C.
700 841 915 903 Oppium
953 850 1000 887 et
1024 842 1225 888 Balbum
1254 842 1550 902 Cornelium,
1576 842 1662 903 qui
1691 858 1768 888 res
1798 841 1900 901 ejus
1928 840 2136 887 absentis

387 919 631 964 curabant.
649 939 675 961 >2
1723 924 1727 928 '

463 997 739 1042 commutet.
774 996 920 1055 Quod
951 997 1015 1042 sic
1032 998 1231 1058 exponit
1258 997 1459 1056 Gellius,
1488 998 1595 1042 ibid.
1615 1013 1630 1040 .·
1648 1017 1667 1038 «
1696 999 1810 1042 Erat
1838 1003 1997 1041 autem
2014 1010 2138 1041 con-

387 1083 581 1120 ventum
609 1073 831 1120 intereos
849 1074 1221 1134 clandestinum,
1250 1075 1310 1121 de
1341 1075 1679 1121 commutando
1713 1074 1807 1121 si‘tu
1839 1074 2139 1130 litterarum,

392 1160 447 1196 ut
479 1151 530 1196 in
553 1151 731 1212 scripto
750 1151 945 1212 quidem
961 1152 1051 1197 alia
1067 1153 1183 1198 alius
1206 1154 1365 1198 locum
1395 1162 1442 1198 et
1466 1168 1642 1198 nomen
1658 1160 1840 1198 teneret
1855 1186 1867 1207 ,
1893 1150 2041 1196 sedin
2063 1152 2139 1196 le·-

387 1229 547 1292 gendo
578 1231 711 1275 locus
743 1229 915 1289 cuique
946 1245 1056 1275 suus
1090 1238 1137 1275 et
1164 1238 1373 1290 potestas
1403 1230 1762 1287 restitueretur3
1789 1243 2007 1289 quaenam
2022 1244 2139 1273 vero

388 1307 545 1351 littera
567 1322 659 1366 pro
685 1322 783 1367 qua
805 1306 1115 1365 scriberetur,
1142 1316 1250 1351 ante
1279 1307 1358 1366 iis,
1382 1316 1502 1353 Slcut
1526 1307 1653 1365 dixi,
1681 1306 2031 1366 complacebat,
2054 1305 2140 1366 qui

392 1384 513 1429 hanc
539 1383 782 1429 scribendi
813 1384 1044 1428 latebram
1066 1384 1313 1444 parabant.
1337 1404 1355 1424 »

456 1462 601 1506 Dicta
635 1463 934 1506 collectanea.
966 1462 1025 1507 H.
1061 1477 1101 1507 e.
1135 1469 1462 1527 ἀποφθέγματα,
1484 1461 1543 1507 de
1566 1460 1862 1522 quibusCic.
1890 1461 1962 1505 ad
1976 1462 2138 1513 Fam,

367 1564 370 1570 r
404 1553 470 1598 1x,
496 1539 571 1586 16.
1843 1548 1845 1550 ·

458 1617 539 1660 Ad
569 1617 842 1677 Pompeium
873 1618 1106 1662 Macrum.
1141 1617 1360 1663 Idem—ne
1383 1617 1463 1675 sit,
1481 1632 1625 1678 quem
1647 1625 1903 1677 praetorem
1927 1631 2139 1662 comme-

396 1703 545 1739 morat
566 1693 739 1754 Tacit.,
772 1696 924 1750 Ana„
958 1711 1006 1753 1,
1039 1711 1097 1754 72
1115 1731 1128 1753 ,
1159 1711 1220 1741 an
1242 1695 1394 1741 nostri
1431 1693 1556 1755 filius
1587 1694 1778 1740 dubitat
1837 1693 2136 1754 Glandorp.,

408 1770 650 1817 Onomast.
668 1787 782 1817 rom.

460 1851 570 1896 Cn.
601 1851 747 1897 LVII.
773 1852 1054 1912 Equitandi.
1079 1851 1342 1910 Plutarch,
1371 1850 1422 1895 in
1450 1850 1601 1905 Coes.,
1637 1865 1686 1910 p.
1723 1849 1819 1907 716
1852 1866 1864 1894 ε
1898 1857 1954 1898 Τὸ
1979 1856 2051 1914 μὲν
2077 1854 2144 1899 οὖν

403 1935 584 1978 ἱππεύειν
620 1936 664 1977 ἐκ.
695 1930 846 1984 παιδὸς
871 1932 917 1982 ἦν
946 1936 1056 1992 αὐτῷ
1078 1931 1232 1993 ῥᾴδιον.

457 2006 670 2051 Patl'en-S'·
695 2005 858 2051 Idem:
888 2017 975 2055 Τῶν
1001 2013 1131 2055 πόνων
1166 2015 1370 2070 ὑπομονῇ,
1405 2001 1521 2072 παρᾶ
1541 2015 1615 2059 την
1640 2016 1712 2054 τοῦ
1745 2011 1939 2068 σώματος
1967 2006 2141 2068 δύναμιν

394 2091 645 2148 ἐγκαρτερεῖν
677 2085 909 2142 δοκοῦντος,
944 2089 1200 2147 στρατιώτας
1220 2089 1452 2140 ἐξέπληττε.

462 2160 728 2205 σι’ἷθήίαΐθζ
758 2159 892 2205 Idem
921 2176 932 2204 :
961 2167 1162 2216 Συντόνως
1183 2163 1233 2209 δὲ
1264 2169 1431 2214 ἤλαυνεν
1462 2168 1603 2218 οὕτως,
1635 2166 1742 2208 ὥστε
1772 2166 1846 2212 τὴν
1871 2164 2033 2223 πρώτην
2064 2164 2142 2215 ἕξο-

397 2238 465 2286 ὃον
486 2244 567 2286 ἀπὸ
589 2234 734 2301 ῥώμης
766 2244 1059 2302 ποιησάμενος,
1091 2240 1256 2302 ὀγδαῖος
1288 2243 1355 2286 ἐπὶ
1377 2245 1444 2286 τὸν
1476 2234 1655 2286 ῥοδανὸν
1690 2245 1830 2286 ἐλθεῖν.

463 2314 731 2367 Meritoria.
759 2314 816 2358 H.
846 2329 885 2359 e.
922 2313 1142 2360 mercede
1168 2314 1422 2360 conducta.

463 2392 573 2437 Cn.
597 2393 768 2437 LVIII.
807 2392 1195 2453 Cessantlbusque
1219 2392 1414 2453 εορίἰε...
1434 2390 1638 2450 frustra.
1678 2394 1855 2438 Lucan.
1875 2428 1888 2451 ,
1919 2408 1966 2450 v,
2000 2397 2095 2452 479
2131 2409 2142 2436 z

575 2520 727 2557 Ductor
740 2519 830 2557 ‘erat
848 2518 1002 2558 cunctis
1025 2518 1157 2558 audax
1176 2517 1375 2558 Antonius
1394 2517 1514 2558 armis
1527 2548 1538 2567 ‚

502 2640 508 2643 μ
576 2586 694 2627 Illum
715 2600 816 2641 saepe
836 2586 953 2627 minis
972 2589 1124 2637 Caesar,
1142 2586 1405 2642 precibusque
1423 2596 1646 2628 morantem

576 2659 733 2698 Evocat.

472 2778 651 2822 Passus
675 2784 760 2820 est.
784 2776 912 2821 Flor.
925 2811 939 2835 ,
956 2792 1030 2835 1v,
1059 2792 1085 2821 2
1099 2813 1111 2835 ,
1129 2777 1212 2823 ubi
1237 2794 1339 2824 rem
1353 2787 1516 2823 narrat
1541 2795 1551 2823 ε
1587 2799 1606 2820 «
1628 2780 1792 2845 Exstat
1821 2780 1885 2826 ad
1908 2781 2148 2843 trepidum

399 2863 532 2900 tanto
570 2852 838 2900 discrimine
870 2854 1238 2917 gubernatorem
1266 2871 1364 2901 vox
1387 2855 1534 2917 ipsius
1561 2873 1571 2900 :
1609 2858 1740 2917 Quid
1779 2859 1950 2905 times?
1978 2860 2146 2905 Coesa-

402 2948 498 2978 rem
520 2931 669 2977 vehis.
697 2950 718 2972 n

469 3010 579 3056 Cn.
609 3010 737 3055 LIX.
769 3011 1055 3055 Immolanti.
1091 3009 1211 3055 Vide
1246 3011 1373 3069 C1c.,
1408 3011 1468 3055 de
1492 3013 1728 3069 Divinas„
1761 3029 1892 3059 xxw.
1923 3015 2029 3060 Hoc
2068 3013 2148 3059 di-

402 3104 509 3133 rum
552 3102 693 3133 omen
737 3101 833 3133 esse
864 3087 1219 3133 arbitrabantur
1270 3097 1464 3134 veteres.
1513 3090 1583 3135 Cf.
1624 3092 1850 3138 Macnon.
1867 3127 1881 3150 ,
1922 3086 2111 3137 Satur‘tz.
2130 3125 2146 3146 ,

403 3181 488 3223 111,
515 3165 557 3213 5.
1332 3150 1335 3153 f

471 3246 745 3304 Prolapsus.
776 3243 991 3289 Frontin.
1008 3280 1021 3302 ,
1037 3261 1080 3302 1,
1099 3260 1125 3290 2
1154 3261 1165 3289 :
1191 3246 1272 3290 «C.
1305 3246 1471 3303 Caesar,
1500 3262 1650 3307 quum
1680 3247 1805 3293 forte
1830 3246 2150 3299 conscendens

404 3337 571 3367 navem
585 3322 743 3383 lapsus
767 3330 885 3370 esset
900 3357 913 3378 ,
938 3331 1072 3368 teneo
1104 3332 1148 3367 te
1159 3356 1175 3379 ,
1212 3332 1333 3367 terra
1363 3333 1542 3379 mater,
1572 3325 1729 3386 inquit
1754 3341 1766 3369 ε
1791 3340 1885 3385 qua
1907 3323 2150 3384 interpre-
