2372 3918
395 352 420 382 2
435 353 447 381 ι
461 352 489 381 o
1172 336 1366 383 NOTAE

459 434 613 479 Curia.
640 429 750 478 Son.
779 429 1026 492 Julia,ubi
1038 430 1262 478 Victoriae
1282 429 1536 494 imaginem
1548 429 1648 494 ipse
1659 441 1899 493 posuerat.
1918 432 2029 492 Dio,
2055 450 2102 480 LI
2119 470 2134 492 ‚

387 526 435 572 p-
471 507 567 571 [059
592 525 604 554 ἒ
635 517 693 559 Τὸ
722 511 996 575 ὅουλιυτῆριον
1031 517 1079 559 τὸ
1107 507 1313 568 Ῐουλίειον,
1343 518 1391 559 τὸ
1429 515 1496 560 ἐπὶ
1519 522 1571 574 τῇ
1602 520 1674 560 τοῦ
1700 517 1854 574 πατρὸς
1884 518 2009 561 αὐτοῦ
2033 524 2135 576 τιμῇ

386 595 596 653 γενόμενον
626 593 882 651 καθιέρωσεν.
905 583 1111 640 livio-tneo
1142 589 1193 636 δὲ
1228 594 1266 643 ἐς
1288 593 1389 636 αὐτὸ
1415 594 1462 637 τὸ
1485 594 1658 652 ἄγαλμα
1684 594 1731 636 τὸ
1753 598 1827 643 τῆς
1847 594 1978 645 Νίκης
1998 593 2068 638 καὶ
2089 597 2136 637 τὸ

386 677 450 715 νῦν
477 673 531 717 ὄν.

457 752 652 802 Δίῦεηὶς.
676 755 840 813 Quum
866 751 1089 799 Noeniam
1119 767 1289 800 canere
1315 751 1555 815 praeficam
1589 750 1640 816 (i.
1675 767 1717 800 e.
1736 751 1984 799 mulierem
2015 768 2134 815 pre-

387 832 457 879 tio
493 829 766 896 adductam)
790 830 840 896 in
862 847 995 877 more
1020 837 1134 876 erat.
1464 872 1472 877 ,

456 911 736 957 Sumendas.
762 912 836 956 De
859 907 1047 955 annulis
1076 906 1127 953 in
1148 908 1284 957 luctu
1307 909 1501 956 mutatis
1519 943 1534 969 ,
1554 907 1666 955 vide
1688 909 2042 967 chmuum„
2074 910 2138 955 de

388 989 648 1036 Funeribus
677 989 809 1034 Rom.
826 1022 842 1044 ‚
869 1003 938 1046 n,
968 1002 1044 1046 17.

315 1056 319 1060 ’
452 1067 746 1114 Summorum
777 1065 1094 1127 collegiorum.
1134 1063 1244 1111 Scil.
1278 1062 1556 1128 pontifices,
1595 1079 1828 1128 augures,
1864 1063 2139 1126 septemviri

387 1143 651 1207 epulonum
681 1150 729 1190 et
751 1141 1037 1203 decemviri,
1059 1141 1234 1201 Dion.,
1264 1158 1357 1189 uu
1371 1177 1387 1204 ,
1408 1158 1460 1204 p.
1485 1142 1597 1204 496.
1620 1143 1706 1190 His
1733 1150 1902 1205 postea
1924 1158 2138 1190 accesse-

385 1230 501 1268 runt
523 1222 711 1266 sodales
745 1222 1060 1282 Augustales,
1085 1227 1286 1268 notante
1318 1221 1390 1268 Cl.
1419 1222 1566 1273 Hase.

453 1312 515 1356 D.
547 1310 675 1354 Iulii.
700 1309 762 1355 H.
788 1324 829 1355 e.
863 1324 958 1371 pro
991 1310 1150 1356 rostris
1180 1309 1309 1356 novis
1339 1326 1356 1354 .·
1386 1309 1450 1355 ab
1484 1303 1957 1374 his'distinguuntm·
1982 1319 2137 1356 rostra

385 1397 563 1434 vetera.

458 1465 544 1510 Vir
577 1463 846 1526 praetorius·
886 1465 1073 1525 Nempe
1107 1463 1363 1520 Numerius
1397 1462 1597 1510 Atticus.
1622 1460 1746 1523 Dio,
1778 1478 1885 1522 rm,
1916 1478 1967 1525 p.
1995 1462 2094 1510 600
2124 1479 2138 1509 ε

384 1542 528 1597 ἐκείνη
564 1539 682 1607 (SCiL
718 1539 873 1605 Livia)
903 1544 954 1592 δὲ
990 1545 1046 1597 δὴ
1077 1550 1290 1607 Νουμερίῳ
1323 1547 1402 1607 τινὶ
1430 1540 1601 1606 Ἀττικῷ
1633 1545 1852 1606 ὅουλευτῇ,
1886 1549 2141 1606 ἐστρατηγη-

386 1629 501 1681 κότι,
529 1629 653 1671 πέντε
684 1625 754 1672 καὶ
779 1625 905 1670 εἴκοσι
929 1623 1135 1685 μυριάδας
1160 1627 1404 1685 ἐχαρίσατο,
1427 1626 1490 1669 ὅτι
1511 1629 1580 1669 τὸν
1606 1627 1838 1684 Αὐγοῦστον
1865 1626 1902 1675 ἐς
1922 1627 1990 1669 τὸν
2024 1627 2140 1683 οὖρα·

384 1708 472 1758 νὺν,
497 1705 610 1749 κατὰ
631 1705 687 1748 τὰ
709 1705 803 1762 περί
826 1721 873 1748 τε
892 1709 964 1748 τοῦ
986 1708 1167 1764 Προκλοῦ
1193 1704 1266 1748 καὶ
1287 1703 1379 1761 περὶ
1408 1708 1479 1751 τοῦ
1503 1694 1695 1762 ῥωμΰλου
1717 1703 1944 1762 λεγόμενα,
1972 1703 2140 1747 ἀνιόντα

387 1785 609 1842 ἑωρακέναι
633 1783 783 1842 ὤμοσε.

457 1864 699 1913 Discincti.
731 1862 884 1922 Quasi
920 1862 994 1910 rei
1027 1863 1244 1910 militaris
1282 1861 1535 1924 disciplina
1574 1870 1719 1925 atque
1752 1861 2013 1908 auctoritas
2042 1878 2140 1907 una

387 1959 497 1990 cum
520 1945 741 2006 Augusto
763 1940 995 2002 periisset.

457 2032 722 2078 Mausoleo.
745 2032 821 2076 Ita
844 2027 1137 2075 describitur
1159 2043 1187 2074 a
1203 2027 1360 2075 Strab.
1375 2062 1390 2085 ‚
1412 2043 1460 2086 v,
1488 2041 1540 2088 p.
1569 2023 1664 2071 163
1690 2041 1704 2071 ε
1727 2025 2071 2090 Ᾰξιωλογώτατον
2089 2029 2140 2074 δὲ

386 2118 432 2160 τὸ
457 2113 725 2159 Μαυσώλειον
743 2114 989 2171 καλούμενον
1004 2146 1016 2166 ,
1033 2111 1100 2155 ἐπὶ
1115 2108 1314 2171 κρηπῖδος
1325 2112 1477 2169 ὑψηλῆς
1499 2111 1726 2154 λευκολὶθου
1752 2110 1850 2166 πρὸς
1872 2116 1930 2167 τῷ
1958 2115 2139 2167 ποταμῷ

387 2199 533 2252 χῶμα,
557 2194 650 2250 ἄχρι
674 2196 843 2249 κορυφῇς
868 2191 953 2240 τοῖς
969 2191 1176 2233 ἀειθαλέσι
1198 2195 1279 2232 τῶν
1305 2177 1487 2248 δένδρων
1515 2189 1738 2245 συνηρεφές.
1762 2179 1841 2230 Ἐπ’
1856 2189 1966 2245 ἄκρῳ
1984 2189 2055 2245 μὲν
2075 2183 2139 2230 οὗν

388 2271 502 2314 εἰκών
538 2271 626 2313 ἐστι
652 2274 787 2326 χαλκῆ
819 2273 890 2311 τοῦ
920 2265 1134 2311 Σεῧαστοῦ
1164 2268 1383 2326 Καίσαρος·
1408 2267 1488 2311 ὑπὸ
1524 2261 1574 2307 δὲ
1607 2270 1666 2322 τῷ
1695 2264 1863 2322 χώματι
1889 2269 2011 2313 θῆκαι
2041 2265 2139 2309 εἰσὶν

388 2349 532 2399 αὐτοῦ,
558 2346 628 2390 καὶ
657 2353 738 2389 τῶν
776 2350 979 2404 συγγενῶν
1008 2343 1078 2388 καὶ
1108 2345 1278 2399 οἰκείων’
1304 2345 1466 2388 ὄπισθεν
1503 2338 1554 2386 δὲ
1577 2343 1690 2400 μέγα
1719 2343 1861 2395 ἄλσος,
1895 2344 2142 2400 περιπάτους

386 2427 647 2486 θαυμαστοὺς
675 2428 778 2483 ἔχον.

458 2511 568 2556 Cn.
598 2510 703 2555 CII.
732 2507 1023 2554 Consulibus.
1050 2509 1107 2552 A.
1132 2509 1193 2554 U.
1230 2505 1342 2563 766.

462 2586 724 2632 Codicibus.
753 2587 812 2631 H.
854 2601 894 2630 e.
924 2584 1118 2631 duobus
1146 2583 1499 2644 voluminibus,
1530 2597 1741 2647 quorum
1779 2582 1981 2629 alterum
2011 2579 2139 2642 ipse,

388 2664 586 2709 alterum
621 2661 783 2708 liberti
814 2660 1226 2723 conscripserunt,
1255 2661 1456 2724 interpr.
1479 2662 1550 2708 Cl.
1579 2663 1722 2708 Hase.

460 2753 653 2797 Liviam.
677 2750 798 2809 Dio,
820 2767 901 2797 LVI
920 2787 934 2810 ,
955 2766 1006 2811 p.
1033 2748 1130 2813 590
1148 2766 1160 2794 ἱ
1176 2758 1233 2799 Τὸ
1252 2753 1301 2799 δὲ
1324 2758 1461 2800 λοιπὸν
1486 2763 1538 2815 τῇ
1564 2756 1730 2812 Διουΐᾳ,
1745 2757 1794 2805 ὼς
1816 2755 1919 2804 τινὲς
1940 2755 2137 2812 λέγουσιν’

389 2838 454 2880 ἵνα
469 2837 546 2895 γὰρ
582 2835 623 2880 τὶ
645 2835 715 2880 καὶ
739 2836 870 2893 ἐκείνῃ
886 2841 958 2886 τῆς
983 2836 1120 2885 οὐσίας
1151 2836 1274 2879 αὐτοῦ
1303 2835 1535 2888 ἀπόνηται,
1555 2833 1672 2892 παρὰ
1693 2838 1766 2883 τῆς
1789 2830 1931 2882 &oux-724
1952 2832 2139 2890 ᾐτήσατο

389 2920 580 2959 τοσοῦτον
606 2916 712 2972 αὐτῇ
735 2913 805 2957 καὶ
834 2914 950 2973 παρὰ
976 2915 1044 2958 τὸν
1068 2914 1188 2971 νομὸν
1213 2915 1457 2956 καταλιπεῖν
1485 2909 1718 2961 δυνηθῆναι.
1741 2906 1918 2950 Utrum
1945 2904 2023 2949 lex
2037 2902 2139 2960 illa,

391 2985 452 3031 de
491 3000 588 3047 qua
616 2984 667 3030 in
699 2985 748 3030 h.
773 2985 803 3030 1.
828 2984 924 3031 Dio
953 2983 1246 3032 mentionem
1269 2984 1436 3043 habet,
1463 2982 1682 3030 Voconia
1705 2980 1962 3039 fuerit5an
1987 2980 2133 3042 Papia

351 3103 354 3107 .
388 3065 594 3124 Poppaea
624 3062 872 3109 incertum.

462 3151 716 3197 Secundos.
740 3152 813 3198 De
834 3149 1052 3198 secundis
1079 3148 1371 3206 hmedibuS‚
1392 3147 1506 3196 vide
1530 3149 1677 3208 Coes.,
1703 3162 1911 3194 Lxxxtn.

472 3240 598 3284 Tres.
623 3240 891 3298 Neronem,
912 3240 1124 3285 Drusum
1147 3245 1195 3283 et
1213 3239 1266 3284 C.
1290 3238 1531 3284 Caesarem.

462 3315 794 3376 confiscatam.
820 3316 929 3363 Scil.
958 3315 1012 3362 in
1035 3313 1162 3362 fiscis
1188 3314 1504 3361 reconditam.

462 3393 691 3440 Patentis.
714 3397 899 3458 Nempe
922 3392 1109 3442 Octavii
1137 3401 1184 3441 et
1209 3394 1236 3438 J
1239 3391 1322 3438 ulii
1344 3391 1548 3439 Caesaris.
