2372 3918
855 235 904 280 c,
931 233 1143 280 muns
1173 233 1399 279 CAESAR.
1914 234 1970 283 ⁴1

281 341 627 397 tribunorum
661 351 718 396 et
743 336 978 395 aedilium
1012 336 1216 413 plebis3
1248 335 1632 413 praefectosque
1661 357 1762 413 pro
1786 348 1979 414 praeto-

279 441 427 497 ribus
455 438 826 510 constituerit,
853 438 949 514 qui
976 448 1238 513 praesente
1266 456 1323 492 se
1349 455 1435 492 res
1463 435 1697 493 urbanas
1723 435 1978 491 adminis-

280 552 502 596 trarent.
533 537 714 596 Pridie
741 549 925 595 autem
951 534 1206 592 kalendas
1227 534 1503 612 januarias
1533 535 1815 611 repentina
1843 554 1977 591 con-

279 637 409 695 sulis
444 649 619 694 morte
648 647 949 693 cessantem
976 636 1244 692 honorem
1272 636 1331 691 in
1357 653 1557 711 paucas
1583 633 1746 690 horas
1774 634 1979 710 petenti

278 737 442 794 dedit.
471 736 673 794 Eadem
708 735 927 792 licentia
944 778 959 806 ,
988 747 1172 813 spreto
1199 735 1387 812 patriae
1417 754 1570 791 more
1588 776 1603 805 ,
1634 734 1980 811 magistratus

277 838 335 893 in
374 835 557 914 plures
597 857 768 897 annos
807 835 1083 892 ordinavit
1116 855 1129 890 t
1164 834 1349 892 decem
1382 823 1649 911 praetoriis
1682 834 1814 889 viris
1849 853 1980 890 con-

278 934 477 993 sularia
503 947 823 992 ornamenta
850 935 1042 991 tribuit
1068 955 1080 990 :
1109 934 1328 990 civitate
1353 933 1608 1006 donatos,
1636 945 1690 990 et
1715 931 1979 1010 quosdam

275 1057 306 1091 e
342 1035 720 1091 semibarbaris
755 1033 1075 1105 Gallorum,
1111 1034 1319 1111 recepit
1357 1034 1413 1089 in
1449 1034 1673 1091 curiam.
1713 1035 1982 1089 Praeterca

280 1147 531 1207 monetae,
554 1133 893 1212 publicisque
915 1132 1296 1211 vectigalibuS,
1321 1130 1620 1210 peculiares
1641 1153 1825 1189 servos
1847 1153 1983 1210 prae·

275 1235 472 1311 posuit.
509 1234 699 1290 Trium
729 1232 1003 1310 legionum
1023 1275 1038 1304 ,
1071 1253 1204 1309 quas
1234 1230 1576 1289 Alexandriae
1604 1231 1979 1309 relinquebat,

278 1351 465 1388 curam
487 1345 541 1388 et
566 1333 856 1410 imperium
879 1332 1127 1406 Rufioni,
1151 1330 1331 1388 liberti
1356 1332 1439 1387 sui
1458 1330 1595 1407 filio,
1619 1330 1829 1388 exoleto
1849 1351 1979 1401 suo,

277 1431 638 1489 demandavit.

355 1534 635 1588 LXXVII.
683 1533 799 1588 Nec
843 1532 1068 1588 minoris
1114 1533 1446 1610 impotentiae
1490 1552 1648 1587 voces
1697 1529 1980 1609 propalam

274 1630 490 1703 edebat,
523 1642 586 1686 ut
614 1632 679 1686 T.
704 1631 934 1707 Ampius
968 1631 1194 1686 scribit:
1228 1629 1379 1688 Nihil
1411 1650 1525 1686 esse
1554 1630 1979 1707 rempublicam,

271 1729 689 1808 appellationem
714 1729 878 1786 modo
911 1731 1026 1786 sine
1064 1750 1293 1808 corpore
1328 1750 1390 1786 ac
1420 1731 1610 1808 specie.
1644 1728 1851 1785 Sullam
1882 1750 1979 1786 ne-

273 1831 431 1886 scisse
464 1828 694 1902 litteras,
716 1831 813 1906 qui
844 1829 1170 1886 dictaturam
1196 1829 1523 1908 deposuerit.
1553 1831 1766 1886 Debere
1797 1830 1978 1886 homi·

271 1951 366 1986 nes
398 1930 784 1988 consideratius
823 1930 937 2007 jam
967 1928 1118 2006 loqui
1161 1950 1374 2002 secum,
1407 1950 1470 1986 ac
1503 1951 1606 2008 pro
1639 1928 1848 2007 legibus
1879 1930 1978 1986 ha-

271 2030 397 2086 bere
434 2051 554 2107 quae
586 2029 744 2085 dicat.
780 2032 973 2105 quue
1018 2030 1340 2107 arrogantiae
1369 2050 1689 2107 progressus
1737 2042 1852 2102 est,
1891 2042 1977 2102 ut,

273 2129 557 2206 haruspice
581 2131 755 2185 tristia
787 2143 842 2188 et
874 2130 987 2185 sine
1014 2129 1176 2185 corde
1199 2142 1349 2186 exsta
1379 2150 1532 2186 sacro
1563 2129 1802 2207 quodam
1833 2151 1979 2186 nun-

274 2210 467 2300 tiante,
500 2228 685 2284 futura
715 2227 916 2284 diceret
948 2227 1153 2286 laetiora
1197 2251 1369 2306 quum
1399 2229 1585 2303 vellet3
1620 2251 1721 2286 nec
1752 2252 1855 2308 pro
1892 2253 1979 2287 os-

271 2339 420 2383 tento
453 2327 789 2399 ducendum,
814 2329 858 2383 si
890 2328 1087 2407 pecudi
1119 2351 1214 2386 cor
1244 2329 1516 2386 defuisset.

348 2428 655 2483 LXXVIII.
681 2430 888 2484 Verum
919 2430 1250 2507 praecipuam
1281 2442 1335 2484 et
1356 2428 1739 2507 inexpiabilem
1762 2431 1863 2487 sibi
1891 2432 1976 2486 in-

276 2525 471 2582 vidiam
499 2527 627 2582 hinc
657 2529 888 2584 maxime
921 2531 1108 2585 movit.
1144 2529 1427 2594 Adeuntes
1469 2550 1524 2585 se
1559 2551 1700 2587 cum-
1726 2529 1977 2608 plurimis

273 2625 933 2704 honorificentissimisque
988 2628 1216 2686 decretis
1273 2630 1556 2686 universos
1611 2642 1792 2708 patres
1848 2652 1979 2688 con-

273 2724 500 2800 scriptos
514 2765 529 2794 ,
561 2724 748 2780 sedens
779 2747 880 2802 pro
897 2727 1010 2782 aede
1024 2730 1254 2785 Veneris
1274 2730 1569 2786 Genitricis
1589 2732 1815 2809 excepit.
1831 2734 1974 2805 Qui-

272 2822 396 2881 dam
428 2834 623 2899 putant
654 2835 929 2879 retentum
952 2846 985 2880 a
1014 2826 1269 2883 Cornelio
1288 2827 1482 2901 Balbo,
1500 2850 1672 2906 quum
1685 2844 1978 2896 conaretur

274 2942 551 2999 assurgere
581 2943 593 2977 ε
628 2921 716 2978 alii
736 2965 750 2993 ,
783 2945 851 2980 ne
881 2936 1140 2980 conatum
1173 2925 1395 3001 quidem
1420 2929 1670 3000 omnin0,
1698 2929 1790 2985 sed
1814 2932 1977 2988 etiam

273 3022 654 3079 admonentem
688 3026 750 3079 C.
782 3025 1098 3081 Trebatium
1139 3038 1201 3081 ut
1237 3039 1567 3103 assurgeret,
1595 3029 1776 3084 minus
1818 3028 1969 3086 fami·

274 3122 388 3180 liari
420 3122 577 3178 vultu
609 3125 919 3200 respexisse.
952 3126 1125 3203 quue
1156 3126 1359 3183 factum
1388 3129 1503 3204 ejus
1536 3141 1690 3186 tanto
1722 3130 1977 3188 intolera-

276 3222 434 3278 bilius
465 3224 783 3295 est'visum,
816 3225 1101 3303 quod'ipsc
1132 3227 1489 3304 triumphanti
1517 3241 1569 3284 ct
1594 3229 1845 3286 subsellia
1874 3233 1973 3286 tri-
