2372 3918
413 274 505 323 224
1089 271 1137 316 C.
1177 271 1464 316 SUETONII

415 375 613 430 ratoris
646 373 790 431 ultro
824 376 1315 452 procucurrissent.
1358 376 1503 433 Nam
1539 371 1675 429 illud
1707 393 1928 428 omnem
1959 372 2121 429 fidem

413 477 724 547 excesserit,
763 475 911 553 quod
949 475 1181 552 nuptiiS‚
1223 495 1357 552 quas
1386 472 1681 532 Messalina
1719 493 1843 528 cum
1873 471 2122 529 adultero

413 574 551 632 Silio
586 575 813 648 fecerat,
863 573 1085 631 tabellas
1124 574 1267 631 dotis
1303 587 1358 630 et
1406 575 1520 652 ipse
1562 572 1999 650 consignaverit3
2042 572 2124 627 in-

410 675 631 747 ductus,
660 676 814 753 quasi
845 674 911 731 de
943 673 1212 731 industria
1232 673 1637 746 simularentur,
1664 672 1731 729 ad
1762 670 2119 729 avertendum

411 773 957 852 transferendumque
997 771 1331 851 periculum,
1373 772 1523 852 quod
1561 774 1846 830 imminere
1883 772 1984 849 ipsi
2022 792 2122 848 per

410 875 659 950 quaedam
687 887 902 931 ostenta
931 873 1364 952 portenderetur.

490 977 672 1031 XXX.
713 976 1026 1032 Auctoritas
1061 974 1406 1052 dignitasque
1444 973 1632 1031 formae
1670 994 1781 1030 non
1824 971 1996 1028 defuit
2035 970 2119 1028 vel

406 1075 593 1148 stanti,
626 1074 711 1131 vel
746 1074 980 1146 sedenti,
1012 1097 1075 1131 ac
1101 1076 1373 1152 praecipue
1395 1075 1711 1152 quiescenti.
1743 1076 1884 1131 Nam
1916 1085 1971 1128 et
1995 1093 2121 1149 pro—

408 1174 542 1247 lixo,
576 1196 676 1231 nec
708 1174 860 1248 exili,
891 1196 1122 1254 corpore
1163 1187 1311 1247 erat;
1354 1187 1408 1231 et
1446 1176 1622 1252 specie
1659 1175 1964 1249 canitieque
1995 1171 2118 1250 pul-

406 1275 563 1347 chra,
589 1276 786 1353 opimis
811 1276 1127 1331 cervicibuS.
1158 1277 1417 1332 Ceterum
1443 1286 1497 1330 et
1528 1273 1928 1351 ingredientem
1958 1272 2121 1328 desti-

408 1375 636 1430 tuebant
667 1374 901 1452 poplites
934 1376 1116 1430 minus
1147 1375 1316 1446 firmi,
1349 1386 1407 1429 et
1436 1374 1658 1431 remisse
1690 1372 1824 1449 quid
1852 1371 1938 1428 vel
1979 1372 2120 1428 serio

408 1487 661 1552 agentem
691 1474 866 1531 multa
900 1473 1329 1531 dehonestabant
1358 1495 1371 1530 ε
1406 1475 1547 1529 risus
1572 1472 1858 1544 indecens3
1891 1473 1974 1528 ira
2008 1485 2122 1528 tur-

408 1576 557 1651 pior,
610 1588 901 1654 spumante
948 1576 1116 1647 rictU,
1163 1575 1520 1631 humentibus
1563 1573 1818 1644 naribus,
1861 1584 2122 1650 praeterea

411 1674 611 1753 linguae
657 1675 973 1748 titubantia,
1027 1687 1325 1753 caputque,
1377 1675 1550 1751 quum
1603 1693 1844 1750 semper,
1894 1684 2013 1729 tum
2065 1674 2120 1727 in

411 1774 914 1853 quantulocumque
947 1787 1072 1832 actu
1106 1774 1189 1832 vel
1220 1776 1456 1831 maxime
1488 1772 1801 1831 tremulum.

481 1878 687 1932 XXXI.
721 1875 1053 1933 Valetudine
1076 1876 1217 1932 sicut
1236 1875 1366 1931 olim
1398 1875 1580 1953 gravi,
1615 1875 1691 1931 ita
1716 1873 1970 1950 princeps
1996 1894 2122 1950 per-

404 1995 664 2055 prospera
695 1999 825 2035 usus
855 1990 956 2051 est,
985 1990 1211 2055 excepto
1240 1977 1509 2034 stomachi
1536 1974 1750 2047 dolore,
1777 1995 1887 2051 quo
1917 1996 1973 2031 se
1998 1995 2119 2030 cor-

408 2092 623 2155 reptum
652 2079 815 2135 etiam
842 2077 910 2134 de
938 2077 1321 2135 consciscenda
1346 2090 1524 2134 morte
1554 2078 1817 2154 cogitasse
1847 2075 1999 2132 dixit.

484 2181 719 2235 XXXII.
753 2179 1021 2236 Convivia
1047 2180 1269 2256 agitavit
1297 2190 1351 2235 et
1373 2175 1554 2255 ampla
1575 2189 1631 2233 et
1652 2177 1866 2233 assidua
1882 2220 1898 2247 ,
1925 2197 1987 2232 ac
2011 2176 2122 2232 fere

409 2280 795 2357 patentissimis
828 2278 986 2346 locis,
1024 2290 1085 2335 ut
1115 2278 1442 2356 plerumque
1473 2277 1780 2334 sexcenteni
1819 2276 1979 2332 simul
2010 2275 2121 2332 dis·

403 2380 740 2436 cumberent.
772 2380 1109 2436 Convivatus
1146 2391 1227 2435 est
1263 2391 1317 2435 et
1351 2399 1516 2455 super
1548 2378 1888 2433 emissarium
1926 2377 2121 2431 Fucini

408 2470 582 2551 lacuS,
623 2502 685 2537 ac
720 2501 870 2558 paene
905 2499 1261 2551 summersuS,
1306 2500 1478 2555 quum
1509 2478 1702 2533 emissa
1735 2478 1943 2553 impetu
1979 2497 2122 2553 aqua

406 2582 778 2638 redundasset.
809 2581 1119 2637 Adhibebat
1149 2580 1298 2635 omni
1329 2599 1495 2634 coenae
1523 2590 1576 2634 et
1607 2577 1807 2633 liberos
1837 2598 1962 2633 suos
1994 2599 2120 2634 cum

407 2682 592 2758 pueris
635 2679 934 2758 puellisque
977 2678 1281 2750 nobilibus,
1320 2680 1414 2755 qui
1449 2699 1603 2734 more
1634 2679 1807 2734 veteri
1843 2677 1912 2734 ad
1946 2677 2120 2733 fulcra

407 2780 674 2837 lectorum
728 2780 971 2836 sedentes
1018 2791 1382 2835 vescerentur.
1439 2779 1697 2835 Convivae
1718 2823 1733 2848 ,
1791 2780 1886 2855 qui
1945 2778 2120 2855 pridie

408 2882 672 2959 scyphum
700 2902 927 2937 aureum
960 2880 1284 2957 surripuisse
1314 2880 1752 2952 existimabatur,
1777 2891 2033 2934 revocato
2062 2882 2117 2934 in

407 2982 551 3038 diem
579 2995 883 3059 posterum,
914 2980 1134 3037 calicem
1169 2979 1393 3036 fictilem
1421 2981 1690 3057 apposuit.
1717 2980 1934 3036 Dicitur
1956 2980 2117 3035 etiam

407 3083 696 3139 meditatus
716 3083 982 3155 edictum,
1012 3102 1159 3157 «quo
1176 3081 1388 3136 veniam
1410 3079 1588 3151 daret,
1614 3079 1803 3136 flatum
1823 3079 2119 3156 crepitum-

414 3203 520 3258 que
556 3183 761 3239 ventris
798 3183 855 3237 in
897 3181 1150 3238 convivio
1194 3178 1509 3252 emittendi3
1543 3203 1569 3232 >³
1611 3201 1814 3256 quum,
1848 3176 2119 3254 periclita-

409 3295 526 3339 tum
558 3282 848 3360 quemdam
891 3301 1003 3358 prae
1035 3279 1245 3357 pudore
1274 3300 1337 3336 ex
1371 3281 1730 3351 continentia,
1764 3278 2072 3356 reperisset.
