2372 3918
431 316 450 345 ι
461 298 518 358 76
1095 302 1144 346 C.
1179 302 1469 347 SUETONII

429 403 728 476 invitat11S‚
775 424 937 482 super
984 403 1245 481 templum
1293 405 1421 461 Divi
1466 403 1697 480 Augusti
1742 412 1909 478 ponte
1954 412 2129 457 trans-

426 503 593 559 misso
616 545 631 576 ,
664 501 938 578 ¹Palatium
989 502 1429 580 Capitoliumque
1470 501 1768 578 conjunxit.
1811 502 1980 571 Mox,
2021 520 2131 576 quo

425 603 652 681 propior
689 615 859 677 esset,
895 604 952 658 in
989 623 1116 659 area
1165 603 1466 681 capitolina
1508 623 1662 658 novae
1704 600 1900 656 domus
1935 600 2132 656 funda·

424 715 608 759 menta
633 704 781 780 jecit.

501 805 711 859 XXIII.
745 804 999 880 Agrippae
1025 824 1082 860 se
1113 815 1370 879 nepotem
1397 822 1575 879 neque
1606 800 1785 874 credi,
1818 820 1998 876 neque
2026 800 2133 855 dici

423 903 494 958 ob
537 901 932 980 ignobilitatem
971 903 1086 979 ejus
1126 901 1344 958 volebat
1375 923 1388 958 ε
1425 901 1890 978 succensebatque
1912 942 1927 971 ‚
1961 900 2006 955 si
2039 901 2132 976 qui

421 1000 507 1058 vel
549 1002 798 1058 oratione
820 1046 836 1073 ‚
874 998 959 1059 vel
998 1003 1240 1059 carmine
1262 1045 1277 1073 ,
1314 1002 1644 1079 imaginibus
1688 1022 1814 1057 eum
1854 1003 2129 1057 Caesarum

421 1102 737 1157 insererent.
763 1101 1101 1159 Prae-dicabat
1128 1113 1338 1173 autem,
1366 1114 1595 1159 matrem
1625 1120 1779 1156 suam
1803 1121 1869 1155 ex
1896 1101 2130 1170 incestO‚

421 1201 570 1278 quod
599 1203 880 1279 Augustus
915 1222 1041 1257 cum
1076 1199 1219 1257 Julia
1253 1200 1366 1257 filia
1397 1201 1733 1273 admisisset,
1766 1211 2129 1277 procreatam.

420 1304 501 1358 Ac
544 1303 992 1357 non'contentus
1036 1299 1141 1355 hac
1181 1301 1417 1377 Augusti
1472 1300 1862 1369 insectatione,
1905 1299 2133 1354 actiacas

420 1398 729 1476 siculasque
772 1400 1030 1455 victorias
1053 1443 1068 1471 ,
1116 1410 1179 1454 ut
1223 1398 1462 1454 funestas
1515 1396 1722 1475 populo
1775 1419 2038 1470 roman0,
2079 1411 2134 1454 et

418 1498 760 1573 calamitosas
780 1542 795 1572 ‚
825 1498 1000 1554 vetuit
1039 1497 1378 1554 sollennibus
1410 1496 1558 1553 feriis
1600 1494 1882 1552 celebrari.
1914 1497 2131 1552 Liviam

416 1600 722 1676 Augustam
766 1597 1082 1675 proaviam,
1122 1597 1358 1674 Ugyoeem
1397 1596 1659 1653 stolatam
1699 1594 1993 1651 identidem
2035 1615 2132 1672 ap-

416 1696 651 1775 pellans,
677 1699 844 1754 etiam
870 1695 1229 1775 ignobilitatis
1256 1696 1492 1772 quadam
1510 1695 1592 1751 ad
1615 1708 1866 1752 senatum
1901 1693 2131 1772 epistola

416 1819 644 1876 arguere
678 1819 839 1855 ausus
888 1809 1002 1870 est,
1041 1798 1196 1874 quasi
1243 1779 1491 1852 materno
1533 1816 1637 1852 avo
1671 1795 1965 1852 decurione
2004 1796 2132 1851 fun-

418 1898 563 1954 dano
603 1910 818 1971 ortam3
861 1918 1032 1975 quum
1071 1895 1311 1974 >publicis
1352 1896 1721 1953 monumentis
1769 1908 1980 1952 certum
2024 1896 2094 1950 sit
2117 1939 2132 1964 .‚

416 1998 700 2054 Aufidium
740 2001 1054 2056 Lurconem
1093 2000 1285 2054 Romae
1324 1996 1625 2053 honoribus
1668 1995 1934 2052 functum.
1978 1997 2129 2052 Aviae

416 2098 671 2153 Antoniae
700 2110 971 2154 secretum
1005 2098 1214 2175 petenti
1250 2095 1568 2174 denegavit,
1606 2096 1710 2151 nisi
1739 2108 1801 2151 ut
1834 2096 2132 2151 interveni-

415 2210 503 2254 ret
532 2200 726 2254 Macro
757 2196 1064 2275 praefectuS.
1105 2199 1188 2254 Ac
1219 2218 1317 2275 per
1349 2195 1657 2252 istiusmodi
1690 2194 2041 2272 indignitates
2078 2207 2134 2250 et

418 2297 578 2354 taedia
606 2318 770 2354 causa
795 2297 999 2378 exstitit
1026 2297 1250 2369 mortis3
1278 2294 1406 2353 dato
1433 2308 1618 2352 tamen
1635 2338 1651 2367 ‚
1683 2295 1995 2372 utquidam
2027 2315 2131 2371 pu-

416 2411 569 2469 tant,
600 2412 654 2455 et
683 2419 911 2455 veneno,
938 2400 1059 2457 Nec
1093 2397 1361 2454 defunctae
1391 2396 1568 2453 ullum
1603 2397 1870 2452 honorem
1901 2396 2129 2468 habuit;

416 2500 806 2577 prospexitque
830 2519 860 2554 e
883 2497 1122 2554 triclinio
1150 2497 1433 2553 ardentem
1462 2485 1678 2573 rogum.
1706 2499 1951 2553 Fratrem
1971 2495 2132 2552 Tibe-

415 2599 561 2653 rium
595 2599 972 2674 inopinantem
993 2640 1009 2666 ,
1045 2608 1271 2673 repente
1305 2595 1546 2651 immisso
1589 2594 1814 2650 tribuno
1849 2593 2089 2650 militum
2113 2637 2128 2667 ,

416 2697 709 2754 interemit.
731 2694 979 2752 Silanum
1006 2696 1136 2751 item
1159 2715 1406 2751 socerum
1424 2694 1494 2750 ad
1520 2709 1738 2765 necem,
1761 2696 2132 2775 secandasque

415 2795 683 2853 novacula
713 2795 899 2852 fauces
917 2839 932 2868 ‚
962 2794 1231 2872 compulit
1255 2816 1268 2850 ε
1297 2807 1550 2851 causatus
1582 2796 1640 2851 in
1676 2807 1911 2873 utroque
1929 2840 1944 2869 ‚
1980 2797 2129 2873 quod

415 2896 504 2952 hic
538 2897 844 2974 ingressum
874 2917 930 2951 se
966 2896 1241 2952 turbatius
1275 2916 1424 2951 mare
1458 2892 1741 2952 non'esset
1770 2909 1990 2953 secutus
2011 2940 2026 2970 ,
2068 2917 2131 2953 ac

415 3016 510 3072 spe
531 2995 835 3072 occupandi
859 2994 1096 3067 Urbem,
1124 2995 1168 3050 si
1198 2994 1332 3070 quid
1359 2995 1464 3050 sibi
1490 3016 1592 3072 per
1617 3007 1964 3074 tempestates
1991 2997 2130 3052 acci-

417 3096 595 3169 deret,
631 3097 1011 3167 remansisset3
1043 3093 1135 3150 ille
1166 3095 1477 3150 antidotum
1511 3095 1842 3168 oboluisset,
1878 3095 2032 3172 quasi
2063 3095 2131 3151 ad

417 3197 773 3274 praecavenda
808 3217 1018 3253 venena
1048 3216 1146 3251 sua
1174 3207 1413 3251 sumtum
1442 3216 1455 3250 :
1487 3216 1658 3272 quum
1694 3208 1748 3252 et
1779 3195 1993 3251 Silanus
2029 3197 2130 3251 im-

417 3295 735 3371 patientiam
774 3317 987 3353 nauseae
1020 3296 1242 3351 vitasset
1277 3307 1332 3350 et
1365 3293 1670 3351 molestiam
1707 3293 2036 3372 navigandi,
2074 3308 2129 3351 et
