2372 3918
871 190 936 235 m
975 190 1411 236 DOM1T1ANUM.
1906 190 1996 248 317

274 298 371 330 non
398 284 592 330 tulisset.
616 283 799 345 Xiphil.
817 319 831 342 ‚
864 300 998 331 vau
1016 318 1028 341 ‚
1045 299 1094 346 p.
1121 283 1216 342 766
1242 300 1254 328 :
1280 283 1539 340 ἐπικαλέσας
1562 293 1693 348 αὐτῷ,
1721 294 1781 334 ὅτι
1806 295 1861 349 μὴ
1878 299 2001 350 ipae-n

274 375 331 426 τῷ
363 371 528 426 Νέρωνι.

342 450 452 494 Cu».
479 450 585 495 XV.
600 450 807 493 Flavium
828 447 1126 492 Clementem.
1151 446 1301 493 Flavii
1313 447 1474 493 Sabini
1490 482 1502 504 ‚
1526 448 1685 493 fratris
1702 449 2000 509 Vespasiani,

274 524 435 571 filium.

354 604 641 664 Suspicione.
670 602 741 649 Cf.
762 603 987 658 X1r1111..‚
1017 600 1099 646 uh.
1125 616 1229 660 sup.

351 680 579 729 Exitium.
603 678 816 726 Philostr.
833 714 846 736 ,
879 678 1100 738 Apollon.
1143 678 1229 722 Vit.
1245 710 1260 731 ,
1290 693 1407 735 vm,
1442 693 1499 723 10
1524 693 1536 722 t
1564 675 1716 727 ἐώθουν
1753 685 1787 727 οἱ
1818 684 1914 727 egoi
1938 691 1996 728 Ao

274 765 458 821 μετιοινὸν
481 761 563 812 ἤδη
587 770 658 813 τῆς
680 770 757 806 τῶν
783 762 998 820 ἀνθρώπων
1030 758 1268 819 προιὸρίας“
1295 763 1411 819 ἔτυχε
1445 762 1515 819 μὲν
1548 762 1625 819 γὰρ
1658 762 1883 820 Κλῆμιντα
1907 763 1998 804 ἁπι-

273 841 420 890 κτονὼς
443 837 575 898 ἄνδρα.
607 840 776 892 ὑπριτόν.

339 923 510 969 Arbor.
535 921 658 966 Vide
688 922 881 982 Vespa&
896 954 911 975 ,
941 936 983 966 v.

343 999 653 1045 Praenestina.
678 997 802 1042 Vide
831 998 974 1043 Tiber.
987 1031 1003 1052 ,
1034 1014 1179 1043 Lxu1.

343 1076 552 1122 Colebat.
578 1075 703 1121 Vide
738 1091 804 1121 ιν.

339 1153 564 1212 Intetfici.
594 1155 697 1198 Imo
727 1152 890 1197 vivum
914 1151 1078 1211 exuri,
1103 1161 1224 1198 auct.
1250 1153 1446 1210 Zonar.,
1471 1156 1645 1198 Annal.
1661 1187 1675 1207 ,
1713 1169 1781 1212 11,
1807 1170 1856 1214 p.
1896 1170 2002 1215 ¹97·

339 1241 528 1285 Latino.
567 1241 671 1284 Hoc
706 1238 837 1284 mimi
873 1255 1052 1286 nomen
1094 1249 1177 1286 est.
1222 1239 1344 1284 Vide
1386 1241 1651 1298 Juvmuc„
1687 1249 1771 1285 sat.
1815 1257 1866 1299 ι,
1909 1242 2003 1298 36;

272 1320 459 1371 Mum,
491 1331 537 1373 x,
573 1313 629 1374 5,
654 1324 701 1361 et
726 1332 806 1373 ιχ,
841 1331 917 1362 21.

340 1395 447 1439 Cn.
471 1394 607 1438 XVI.
644 1395 918 1439 Exterritus.
944 1393 1083 1439 Haud
1114 1393 1212 1439 scio
1244 1410 1304 1438 an
1335 1394 1471 1455 quod
1504 1392 1777 1439 somniasset
1808 1395 2003 1440 Junium

273 1469 545 1527 Rusticum,
575 1485 717 1530 quem
742 1469 1200 1527 occiderat,'stricto
1225 1470 1287 1515 ad
1319 1486 1367 1516 se
1401 1470 1563 1515 venire
1594 1470 1766 1531 gladio.
1795 1471 2004 1532 Xiphil.‚

273 1563 433 1605 vau‚
456 1561 504 1606 p-
532 1545 624 1604 767
653 1562 663 1590 :
689 1551 773 1596 Καὶ
797 1555 902 1596 ἄλλα
920 1571 966 1597 τε
990 1554 1099 1611 αὐτῷ
1125 1555 1276 1611 σημεῖα.
1301 1555 1478 1611 ἐγένετο,
1505 1553 1575 1595 καὶ
1605 1554 1722 1602 αὐτὸς
1747 1555 1783 1595 ἐν
1806 1560 1863 1612 τῷ
1883 1555 2004 1611 ’ὕπνῳ

274 1631 341 1673 τόν
366 1647 412 1673 τε
435 1622 647 1673 Peuci-mov
671 1631 772 1687 ξίφει
800 1631 1010 1688 προσιέναι
1035 1630 1068 1672 οἱ
1087 1626 1238 1679 ἔδοξεν.

340 1712 660 1771 Haruspicem.
687 1710 792 1756 Scil.
821 1710 1077 1772 Larginum
1107 1709 1382 1767 Proculum,
1406 1723 1464 1754 ex
1496 1708 1703 1769 Xiphil.,
1730 1709 1839 1753 ibid.

344 1787 776 1849 Condemnavitque.
812 1792 872 1833 At
905 1796 1074 1833 necato
1098 1786 1399 1844 Domitiano,
1424 1786 1579 1832 salvus
1600 1785 1747 1831 evasit
1775 1785 2005 1846 Larginus

274 1865 527 1920 Proculus,
553 1864 663 1909 ibid.

339 1944 588 1987 Hactenus.
616 1943 770 1988 Intell.
794 1940 1004 2004 profluat
1027 1942 1240 2004 sanguis,
1272 1957 1428 2002 neque
1450 1941 1602 2000 majus
1628 1939 1677 2005 in
1703 1953 1778 1982 me
1802 1936 1884 1982 fiat
1900 1953 2007 1983 san-

275 2018 429 2081 guinis
452 2017 755 2079 profluvium.

343 2107 452 2151 Cir.
467 2107 624 2150 XVII.
649 2106 840 2150 Obtulit.
871 2106 1044 2149 Narrat
1064 2106 1284 2151 Philostr.
1301 2122 1446 2162 ,vnx‚
1472 2121 1547 2161 10,
1573 2105 1694 2166 quid
1717 2104 2009 2164 Stephanum

275 2180 515 2243 impulerit
537 2181 599 2227 ad
623 2181 947 2226 Domitianum
971 2179 1322 2226 conficiendum
1348 2197 1360 2226 ε
1387 2190 1587 2245 Στέφανος
1606 2189 1734 2231 τοίνυν
1754 2188 2009 2245 ἀπελεύθερος

274 2272 347 2316 τῆς
370 2267 594 2324 γυναικὸς...
618 2267 781 2324 ὥρμησε
814 2267 883 2323 μὲν
911 2265 982 2308 ἶσα
1008 2267 1090 2314 τοῖς
1113 2266 1436 2323 ἐλευθερωτάτοις
1465 2267 1566 2308 ποτὶ
1598 2258 1808 2314 ‹KG-nmini<
1838 2264 1904 2306 ἐπὶ
1937 2266 2005 2307 τὸν

275 2344 476 2402 τύραννον.

345 2423 708 2485 Conspiratzbnis
731 2423 969 2469 indicium.
988 2425 1045 2469 H.
1076 2439 1114 2469 e.
1148 2439 1196 2469 se
1209 2424 1328 2469 velle
1353 2423 1567 2469 indicare
1593 2439 1674 2469 eos
1700 2422 1786 2484 qui
1812 2423 2007 2483 conspi-

272 2507 504 2543 raverant.

348 2577 707 2623 Cornicularius.
742 2578 801 2622 H.
835 2594 874 2623 e.
911 2578 1157 2622 corniculis
1189 2575 1371 2638 equites
1402 2577 1467 2622 ob
1489 2576 1713 2621 virtutem
1747 2577 2008 2640 insignitos.

278 2654 505 2699 Altionem
554 2655 728 2700 militiae
773 2655 972 2718 gradum
1025 2656 1265 2702 habebant
1300 2655 1609 2700 cornicularii.
1652 2654 1809 2701 Fuisse
1854 2665 2011 2701 autem

278 2730 610 2776 comicularios
645 2732 782 2778 etiam
818 2732 1015 2793 vigilum
1044 2740 1089 2776 et
1116 2732 1387 2778 cohortium
1411 2732 1701 2776 urbanarum
1737 2739 1782 2776 et
1803 2731 2011 2792 praefecti

278 2806 398 2851 adeo
422 2808 646 2867 praetorio
681 2809 821 2855 docet
845 2808 1159 2870 Oudendorp.

350 2895 580 2941 Saturius.
607 2896 788 2957 Xiphil.
804 2931 819 2956 ,
847 2899 928 2943 ub.
954 2914 1055 2958 sup.
1084 2914 1095 2942 ε
1122 2905 1286 2963 Σιγηρός
1317 2898 1391 2941 vel
1419 2903 1597 2961 Σιγήριος
1631 2921 1640 2943 ι
1679 2894 1911 2953 Martial.,
1945 2911 2010 2951 ιν,

282 2986 344 3032 79
370 2987 382 3017 t
406 2972 620 3034 Ssgrerius.
646 2974 937 3035 Cot-ruptum
968 2990 1083 3037 ergo
1108 2990 1282 3020 nomen
1305 2974 1355 3018 in
1380 2975 1572 3018 Nostro.

349 3048 669 3095 Collucmtum.
709 3052 904 3096 Luctam
945 3051 1208 3097 Domitiani
1250 3067 1356 3096 cum
1403 3051 1645 3110 Stephano
1693 3048 1759 3095 sic
1790 3046 2013 3093 describit

283 3124 501 3172 Philostr.
520 3160 533 3184 ‚
556 3127 638 3173 ub.
663 3143 766 3189 sup.
801 3144 813 3173 ε
841 3125 922 3178 ὁδ’
948 3136 1161 3194 ι’ῤῥωμένος
1183 3135 1254 3193 μὶν
1281 3133 1350 3177 καὶ
1373 3135 1501 3183 ἄλλως
1532 3135 1578 3176 τὸ
1604 3139 1746 3191 σῶμα,
1769 3132 1941 3189 γεγονὼς
1963 3127 2011 3173 ὃὸ

284 3209 374 3267 πιρὶ
396 3210 450 3253 τὰ
479 3211 600 3253 πέντε
625 3211 694 3254 καὶ
725 3213 1031 3270 τιτταροίκοντα
1062 3214 1156 3262 ἔτη,
1184 3211 1410 3262 ξυνιπλοίκη
1446 3209 1621 3268 τρωθιὶς,
1651 3209 1719 3253 καὶ
1754 3205 2001 3251 καταῧαλὼν
