2372 3918
316 327 407 370 27⁰
983 312 1030 356 C.
1067 311 1357 358 SUETONH
1441 375 1444 379 Δ

316 428 506 487 ιιυεῑο,
538 415 708 472 oculis
737 416 902 471 caesiis
931 428 983 470 et
1019 415 1415 486 hebetioribus,
1442 416 1647 471 cervice
1680 416 1867 487 obesa,
1898 439 2021 474 ven-

314 531 396 572 tre
427 517 702 594 projectu,
734 514 1044 595 gracillimis
1071 516 1321 574 cruribus
1340 561 1355 589 ,
1393 514 1702 572 valetudine
1740 537 2019 595 prospera.

315 618 490 689 Nam,
528 618 621 693 qui
661 616 887 672 luxuriae
931 615 1449 672 immoderatissimae
1480 627 1649 687 esset,
1677 628 1759 673 ter
1796 619 2022 674 omnino

313 736 410 792 per
445 717 855 794 quatuordecim
895 735 1067 772 annos
1109 713 1351 793 languit,
1385 728 1550 793 atque
1590 717 1699 789 ita,
1733 728 1797 773 ut
1842 737 2022 794 neque

314 819 442 873 vino
453 860 467 889 ,
482 836 657 893 neque
674 815 1065 872 consuetudine
1080 814 1288 893 reliqua
1305 816 1615 873 abstineret.
1635 817 1794 875 Circa
1813 816 2023 874 cultum

314 899 671 993 habitumque
689 916 824 972 adeo
844 914 1156 994 pudendm,
1186 929 1248 972 ut
1277 937 1491 973 comam
1512 937 1722 995 semper
1746 919 1802 973 in
1824 917 2026 995 gradus

315 1016 601 1072 formatam
619 1059 633 1088 ,
667 1018 1104 1095 peregrinatione
1134 1017 1378 1090 achaica,
1406 1019 1568 1074 etiam
1592 1039 1737 1096 pone
1766 1019 2025 1074 verticem

316 1118 679 1188 summiserit;
714 1138 776 1173 ac
814 1116 1132 1194 plerumque
1163 1118 1535 1195 synthesinam
1570 1118 1828 1186 indutus,
1861 1117 2026 1197 ligato

317 1217 524 1272 circum
555 1216 758 1274 collum
779 1218 999 1274 sudario
1018 1263 1033 1289 ,
1062 1218 1327 1296 prodierit
1351 1219 1409 1274 in
1434 1218 1716 1296 publicum
1735 1263 1750 1288 ‚
1778 1220 1894 1275 sine
1917 1220 2030 1295 cin-

316 1330 408 1372 ctu
424 1361 437 1386 ,
463 1330 517 1372 et
540 1317 902 1375 discalciatus.

395 1419 514 1472 LII.
549 1417 826 1474 Liberales
859 1416 1169 1495 disciplinas
1193 1439 1380 1475 omnes
1410 1418 1521 1475 fere
1545 1439 1680 1496 puer
1710 1419 1906 1495 attigit,
1924 1419 2028 1474 Sed

316 1539 345 1572 a
383 1516 731 1594 philosophia
769 1539 897 1574 eum
930 1530 1108 1575 mater
1146 1520 1370 1590 avertit,
1405 1539 1659 1590 monens,
1692 1520 2031 1596 imperaturo

316 1619 649 1674 contrariam
681 1639 795 1675 esse
818 1641 829 1675 τ
851 1640 883 1675 a
911 1608 1224 1697 cognitione
1250 1632 1500 1676 veterum
1527 1631 1809 1676 oratorum
1828 1622 2033 1676 Seneca

318 1730 640 1795 praeceptor,
684 1739 794 1796 quo
837 1718 1045 1776 diutius
1099 1721 1156 1775 in
1203 1719 1561 1776 admiratione
1604 1721 1687 1776 sui
1743 1719 2027 1776 detineret.

320 1821 508 1894 Itaque
532 1818 602 1874 ad
634 1820 906 1896 poeticam
937 1840 1146 1898 pronus
1165 1863 1180 1891 ,
1201 1821 1444 1876 carmina
1471 1819 1702 1876 libenter
1728 1841 1791 1876 ac
1823 1821 1939 1875 sine
1962 1818 2033 1875 la·-

317 1917 450 1972 bore
477 1920 786 1998 composuit
806 1940 819 1974 :
842 1940 971 1992 nec,
999 1932 1061 1976 ut
1091 1919 1314 1996 quidam
1339 1933 1566 1997 putant,
1598 1918 1773 1977 aliena
1795 1941 1897 1997 pro
1922 1921 2033 1975 suis
2080 1999 2082 2001 Ι

318 2015 503 2073 edidit.
535 2020 749 2074 Venere
782 2021 839 2075 in
869 2040 1064 2076 manus
1097 2041 1244 2076 meas
1274 2019 1570 2098 pugillares
1601 2018 1880 2096 libellique
1907 2040 2032 2075 cum

318 2118 646 2194 quibusdam
679 2121 977 2176 notissimis
1004 2115 1251 2177 versibus
1269 2165 1284 2193 ,
1316 2123 1487 2197 ipsius
1514 2119 1881 2197 chirographo
1910 2120 2034 2174 scri-

317 2219 422 2295 ptis
452 2241 464 2274 :
502 2232 564 2275 ut
604 2219 760 2275 facile
801 2234 1120 2299 appareret,
1156 2242 1269 2277 non
1305 2219 1631 2298 translatos,
1666 2231 1761 2276 aut
1795 2220 2033 2276 dictante

317 2320 500 2397 aliquo
530 2335 811 2400 exceptOS,
833 2323 926 2379 sed
953 2322 1112 2399 plane
1144 2324 1300 2400 quasi
1331 2344 1362 2379 a
1389 2324 1666 2402 cogitante
1689 2334 1852 2398 atque
1875 2320 2034 2399 gene-

316 2434 471 2478 rante
500 2436 775 2494 exaratos;
806 2424 880 2479 ita
909 2423 1081 2481 multa
1111 2436 1165 2481 et
1188 2423 1390 2495 deleta,
1420 2437 1474 2480 et
1503 2423 1749 2495 inducta,
1771 2435 1825 2478 et
1852 2443 2032 2499 super·

320 2523 522 2599 scripta
547 2525 779 2580 inerant.
806 2524 1015 2580 Habuit
1037 2537 1093 2580 et
1112 2523 1399 2601 pingendi,
1412 2522 1761 2600 fingendique
1778 2523 2031 2594 maxime,

319 2643 430 2677 non
463 2623 736 2678 mediocre
769 2622 1025 2679 studium.
1171 2626 1174 2630 ’

393 2724 542 2778 LIII.
590 2723 835 2779 Maxima
865 2735 1050 2780 autem
1094 2723 1460 2802 popularitate
1504 2723 1863 2795 efferebatur,
1920 2727 2036 2779 om-

320 2823 471 2878 nium
527 2821 786 2894 aemuluS‚
825 2824 919 2900 qui
968 2844 1192 2901 quoquo
1224 2823 1389 2880 modo
1426 2825 1671 2881 animum
1721 2822 1885 2901 vulgi·
1913 2843 2032 2878 mo-

317 2934 523 2979 verent.
580 2924 730 2979 Exiit
785 2925 1001 3002 opinio,
1045 2937 1169 3002 post
1215 2926 1451 2982 scenicas
1503 2921 1735 2982 coronas
1782 2907 2030 3001 proximo

318 3023 490 3080 lustro
512 3023 897 3080 descensurum
927 3046 1052 3081 eum
1073 3024 1143 3081 ad
1172 3025 1427 3102 Olympia
1455 3027 1600 3081 inter
1621 3024 1867 3082 athletas.
1886 3026 2029 3081 Nam

319 3138 372 3179 et
415 3123 729 3180 luctabatur
770 3125 983 3181 assidue
1022 3147 1034 3180 z
1075 3145 1174 3180 nec
1222 3124 1382 3181 aliter
1429 3127 1727 3182 certamina
1780 3123 2030 3202 gymnica

320 3236 435 3280 tota
471 3225 684 3280 Graecia
727 3227 1095 3301 spectaverat,
1137 3246 1300 3300 quam
1339 3226 1728 3283 brabeutarum
1773 3244 1924 3279 more
1974 3227 2026 3278 in

321 3323 494 3378 stadio
526 3324 683 3380 humi
718 3324 984 3398 assidenS,
1010 3345 1104 3396 ac,
1136 3326 1180 3379 si
1209 3345 1315 3401 qua
1347 3328 1500 3403 paria
1529 3325 1745 3402 longius
1778 3325 2029 3380 recessis-
