2372 3918
402 291 464 334 90
1065 270 1116 317 C.
1155 269 1455 316 SUETONII

302 443 316 453 <e
397 396 523 431 eum
564 375 851 431 honestate
896 372 1219 451 praeditum,
1254 387 1314 431 ut
1346 374 1685 452 temporibus
1717 374 1954 431 Sullanis
1990 397 2118 452 pro-

397 477 731 552 scriptorum
769 474 969 530 liberos
1008 475 1211 552 gratis,
1255 488 1309 532 et
1344 476 1460 532 sine
1492 475 1742 531 mercede
1775 475 1915 547 ulla,
1948 478 2004 531 in
2037 476 2120 532 di-

399 575 684 653 sciplinam
720 577 1005 653 receperit.

477 679 631 735 XIV.
656 678 881 733 Curtius
899 677 1085 734 Nicias
1106 676 1260 734 haesit
1275 679 1431 734 Cneo
1448 678 1710 754 Pompeio
1728 689 1782 733 et
1801 677 1938 734 Caio
1955 680 2127 734 Mem-

399 777 512 833 mio
545 797 557 832 ε
593 777 687 833 sed
719 798 895 853 quum
930 775 1210 834 codicillos
1242 779 1490 834 Memmii
1520 777 1588 834 ad
1624 778 1871 854 Pompeii
1900 798 2127 833 uxorem

399 877 470 934 de
503 889 695 954 stupro
726 876 1059 955 pertulisset,
1087 877 1338 955 proditus
1369 879 1437 935 ab
1466 900 1527 935 ea
1549 923 1563 950 ,
1597 880 1916 955 Pompeium
1949 878 2126 934 ofsen-

399 976 512 1048 dit,
542 977 817 1054 domoque
857 978 907 1032 ei
944 977 1300 1034 interdictum
1332 991 1430 1035 est.
1463 980 1589 1035 Fuit
1619 990 1673 1034 et
1696 980 1871 1035 Marci
1906 980 2130 1035 Cicero-

403 1078 486 1133 nis
537 1076 852 1148 familiaris;
886 1078 941 1133 in
977 1079 1134 1155 cujus
1168 1077 1399 1155 epistola
1440 1078 1511 1135 ad
1542 1077 1886 1135 Dolabellam
1917 1079 2030 1135 haec
2063 1079 2131 1134 de

402 1197 469 1233 eo
493 1175 724 1254 legimus
748 1198 804 1231 z«
820 1179 1066 1233 Omnino
1089 1179 1223 1234 mihi
1246 1178 1443 1235 litterae
1465 1180 1639 1256 magis
1663 1191 1795 1234 sunt
1817 1177 2131 1256 expetendae

403 1299 436 1334 a
464 1289 547 1348 te,
592 1297 759 1353 quam
789 1297 821 1331 a
853 1298 940 1333 me
979 1278 1094 1334 tibi.
1129 1277 1283 1335 Nihil
1320 1280 1466 1335 enim
1499 1281 1691 1335 Romae
1724 1279 1950 1356 geritur,
1983 1278 2131 1354 quod

408 1389 461 1434 te
486 1389 675 1455 putem
709 1378 847 1432 scire
875 1398 1101 1450 curare,
1135 1379 1240 1434 nisi
1266 1378 1409 1434 forte
1438 1380 1576 1434 scire
1604 1379 1718 1447 vis,
1750 1366 1838 1433 me
1865 1379 2006 1433 inter
2034 1380 2134 1435 Ni·

403 1478 544 1534 ciam
568 1489 820 1533 nostrum
847 1489 901 1533 et
923 1476 1151 1533 Vidium
1175 1478 1412 1554 judicem
1439 1499 1569 1534 esse.
1595 1478 1812 1533 Profert
1836 1476 1990 1549 alter,
2017 1479 2136 1554 opi-

406 1599 529 1649 nor,
574 1577 791 1634 duobus
825 1576 1106 1633 versiculis
1137 1598 1441 1654 expensum
1474 1579 1644 1636 Niciae
1682 1599 1694 1633 ε
1728 1576 1865 1633 alter
1898 1579 2133 1634 Aristar-

402 1678 538 1734 chus
572 1679 673 1733 hos
704 1675 932 1752 ὁὲελίζει.
963 1682 1080 1755 Ego
1107 1690 1368 1754 tanquam
1394 1679 1614 1734 criticus
1642 1678 1901 1753 antiquus
1923 1699 1943 1753 J
1955 1677 2137 1742 udica-

404 1790 561 1834 turus
592 1799 738 1851 sum,
769 1791 957 1857 utrum
988 1780 1097 1849 sinit
1123 1776 1210 1834 τοῖα
1235 1775 1468 1849 ποιητοῦ,
1497 1799 1567 1833 an
1593 1774 2134 1852 παρεμξεζλημὲνοι.»

407 1880 548 1934 Item
584 1878 654 1934 ad
694 1880 940 1935 Atticum
975 1900 987 1930 :
1025 1903 1053 1931 «
1077 1882 1160 1935 De
1198 1880 1358 1936 Nicia
1392 1878 1542 1954 quod
1575 1879 1797 1949 scribiS,
1845 1872 1890 1935 si
1934 1880 2009 1934 ita
2051 1901 2136 1934 me

406 1978 665 2034 haberem
683 2021 697 2050 ,
726 1991 787 2034 ut
814 1979 931 2055 ejus
955 1979 1303 2035 humanitate
1331 1978 1440 2034 frui
1464 1999 1702 2055 possem,
1730 1980 1787 2034 in
1814 1980 2003 2055 primis
2030 1978 2137 2034 vel-

404 2076 512 2133 lem
543 2076 698 2133 illum
727 2099 945 2134 mecum
983 2079 1205 2151 habere3
1238 2077 1331 2134 sed
1364 2079 1501 2134 mihi
1533 2076 1775 2134 solitudo
1808 2091 1859 2134 et
1895 2099 2136 2134 recessus

407 2178 693 2255 provincia
728 2191 811 2234 est
848 2200 860 2233 :
896 2178 1046 2255 quod
1080 2180 1209 2255 quia
1236 2177 1393 2235 facile
1440 2176 1650 2234 ferebat
1683 2179 1839 2249 Sica,
1871 2199 1936 2234 eo
1965 2181 2138 2255 magis

406 2277 563 2333 illum
609 2278 877 2335 desidero.
916 2282 1182 2335 Praeterea
1216 2281 1361 2335 nosti
1391 2280 1560 2337 Niciae
1590 2280 1767 2335 nostri
1799 2278 2138 2335 imbecillita-

408 2390 519 2434 tem
537 2423 551 2448 ,
577 2377 888 2451 mollitiem,
914 2379 1372 2436 consuetudinem
1393 2380 1587 2435 victus
1619 2383 1735 2436 Cur
1761 2400 1891 2457 ergo
1918 2378 1996 2434 illi
2022 2400 2139 2435 mo-

407 2478 576 2534 lestus
618 2499 734 2535 esse
779 2478 975 2552 velim,
1016 2501 1189 2556 quum
1237 2481 1373 2535 mihi
1415 2478 1506 2534 ille
1546 2476 1829 2555 jucundus
1870 2499 1989 2534 esse
2026 2500 2135 2534 non

409 2578 620 2656 possit?
651 2578 925 2636 Voluntas
961 2592 1146 2636 tamen
1180 2581 1298 2657 ejus
1328 2579 1464 2635 mihi
1499 2591 1655 2656 grata
1685 2592 1782 2635 est.
1810 2603 1837 2631 »
1864 2580 2042 2656 Hujus
2071 2579 2138 2635 de

406 2678 622 2735 Lucilio
652 2678 823 2737 libros
857 2681 1022 2738 etiam
1057 2682 1224 2737 satira
1257 2680 1598 2757 comprobat.

488 2783 612 2837 XV.
650 2783 911 2850 LenaeuS,
952 2782 1199 2858 Pompeii
1230 2781 1422 2857 Magni
1452 2779 1709 2849 libertus,
1744 2793 1798 2836 et
1832 2801 1983 2858 paene
2017 2800 2134 2835 om-

407 2880 563 2937 nium
605 2880 1018 2957 expeditionum
1061 2883 1280 2951 comes,
1320 2880 1581 2936 defuncto
1618 2901 1683 2936 eo
1715 2879 1950 2956 filiisque
1990 2881 2135 2956 ejuS‚

410 2979 595 3036 schola
630 3001 686 3036 se
719 2982 1047 3037 sustentavit
1072 3002 1084 3036 z
1118 2980 1416 3057 docuitque
1445 2982 1501 3036 iu
1533 2981 1775 3049 Carinis,
1804 2979 1873 3035 ad
1899 2977 2137 3036 Telluris

408 3080 611 3154 aedem,
646 3083 701 3138 in
742 3103 851 3158 qua
894 3083 1121 3160 regione
1164 3082 1553 3158 Pompeiorum
1595 3080 1789 3137 domus
1821 3078 1999 3135 fuerat
2030 3100 2042 3133 ε
2073 3099 2135 3133 ac

410 3193 564 3237 tanto
598 3202 785 3238 amore
822 3202 953 3259 erga
994 3183 1213 3258 patroni
1249 3182 1570 3237 memoriam
1598 3182 1831 3250 exstitit,
1870 3191 1930 3235 ut
1959 3177 2132 3234 Sallu-

411 3282 573 3338 stium
606 3283 964 3355 historicum,
1000 3281 1147 3358 quod
1180 3303 1304 3339 eum
1338 3306 1365 3335 ι(
1392 3282 1505 3338 oris
1539 3281 1803 3358 improbi,
1833 3282 2020 3336 animo
2048 3280 2130 3333 in-
