2372 3918
368 286 458 332 258
1037 287 1084 331 C.
1117 287 1406 333 SUETONII

365 412 490 446 mox
514 389 900 446 dominationis
928 410 1035 446 suae
1064 390 1302 447 fautores
1338 404 1500 467 atque
1534 402 1797 463 rectoreS,
1833 414 2067 465 veneno,

364 492 565 569 partim
590 491 726 547 cibis
745 534 760 562 ,
786 492 986 568 partim
1017 491 1345 567 potionibus'
1360 491 1558 557 indito,
1588 492 1889 568 intercepit.

441 594 704 648 XXXVI.
729 592 844 649 Nec
876 591 1087 646 minore
1121 592 1324 647 saevitia
1358 591 1489 648 foris
1517 604 1570 648 et
1596 593 1653 648 in
1686 604 1896 648 exteros
1931 614 2072 672 gras-

363 704 509 748 satus
540 703 637 748 est.
678 688 846 747 Stella
882 691 1107 763 crinita,
1135 710 1257 767 quae
1290 693 1515 748 summis
1551 693 1911 770 potestatibus
1959 696 2071 750 exi-

365 793 500 848 tium
538 789 864 869 portendere
899 788 1065 867 vulgo
1110 801 1370 867 putatur,
1412 812 1509 869 per
1551 793 1838 849 continuas
1876 806 2067 849 noctes

363 892 493 947 oriri
522 902 777 968 coeperat.
813 891 1021 947 Anxius
1048 909 1110 946 ea
1148 909 1235 962 re,
1266 902 1326 947 ut
1355 911 1421 947 ex
1448 890 1639 948 Babilo
1679 891 1956 970 astrologo
1989 893 2069 948 di-

362 990 517 1060 dicit,
547 989 721 1046 solere
752 1010 903 1068 reges
927 987 1064 1046 ¹talia
1105 1001 1318 1048 ostenta
1350 990 1494 1048 caede
1526 990 1710 1069 aliqua
1739 991 1936 1048 illustri
1979 1013 2069 1049 ex-

359 1092 545 1168 piare,
575 1103 742 1168 atque
770 1111 801 1146 a
824 1102 993 1147 semet
1023 1091 1080 1147 in
1116 1092 1296 1168 capita
1327 1112 1617 1170 procerum
1641 1091 1943 1171 depellere3
1975 1115 2070 1149 no-

358 1189 621 1247 bilissimo
647 1191 859 1268 'cuique
905 1191 1131 1248 exitium
1182 1191 1490 1248 destinavit.
1544 1185 1839 1249 Enimvero
1893 1193 2067 1250 multo

358 1292 559 1368 magiS,
588 1304 642 1348 et
677 1292 833 1367 quasi
867 1310 965 1368 per
984 1292 1189 1367 justam
1210 1312 1428 1348 causam
1446 1334 1462 1362 ,
1493 1291 1703 1347 duabus
1730 1293 2068 1369 conjuratio-

357 1390 517 1445 nibus
553 1388 892 1467 provulgatis
932 1411 945 1445 z
976 1410 1212 1466 quarum
1245 1392 1398 1468 prior
1426 1391 1712 1467 majorque
1741 1392 2034 1448 Pisoniana
2052 1435 2069 1464 ,

355 1493 576 1559 Romae3
616 1490 925 1566 posterior,
954 1490 1275 1562 Viniciana,
1307 1491 1605 1546 Beneventi
1639 1489 1875 1547 conflata
1909 1502 2071 1568 atque

355 1589 566 1646 detecta
597 1602 694 1647 est.
738 1589 1026 1666 Conjurati
1067 1610 1096 1646 e
1135 1588 1366 1646 vinculis
1409 1589 1707 1666 triplicium
1751 1601 2069 1647 catenarum

355 1684 542 1746 dixere
572 1711 791 1747 causam
823 1710 835 1744 :
861 1710 1035 1766 quum
1070 1690 1295 1766 quidam
1318 1691 1522 1758 crimen
1555 1688 1701 1746 ultro
1731 1690 2065 1763 faterentur,

354 1789 608 1846 nonnulli
641 1791 804 1846 etiam
835 1790 1202 1866 imputarent,
1233 1802 1498 1866 tanquam
1518 1788 1675 1845 aliter
1696 1789 1778 1845 illi
1799 1811 1912 1847 non
1942 1811 2067 1868 pos-

326 1882 327 1885 *
353 1903 501 1963 sent,
531 1891 636 1946 nisi
667 1902 867 1963 morte,
899 1910 1247 1962 succurrere,
1280 1889 1608 1947 dedecorato
1641 1890 1860 1968 flagitiis
1890 1892 2066 1947 omni-

353 1990 471 2045 bus.
511 1993 916 2046 Damnatorum
943 1988 1103 2045 liberi
1129 1990 1282 2046 Urbe
1316 1988 1494 2066 pulsi,
1522 1991 1803 2066 enectique
1829 2009 2063 2064 venen0,

353 2100 449 2144 aut
470 2089 627 2145 fame.
652 2091 913 2162 Constat,
945 2088 1212 2166 quosdam
1233 2110 1359 2145 cum
1383 2089 1692 2167 paedagogis
1724 2101 1778 2146 et
1806 2092 2064 2168 capsariis

353 2209 464 2244 uno
487 2189 721 2265 prandio
747 2191 954 2267 pariter
977 2201 1199 2245 necatos
1219 2232 1234 2262 ,
1259 2188 1393 2245 alios
1418 2188 1679 2246 diurnum
1707 2191 1915 2247 victum
1941 2211 2067 2269 pro-

352 2289 554 2366 hibitos
582 2310 843 2366 quaerere.

429 2390 719 2449 XXXVII.
756 2385 954 2447 Nullus
986 2389 1213 2467 posthac
1245 2388 1521 2446 adhibitus
1551 2390 1789 2446 delectus
1822 2402 1917 2446 aut
1949 2411 2067 2447 mo-

352 2487 453 2543 dus
490 2488 871 2562 interimendi,
922 2509 1280 2565 quoscunque
1326 2488 1596 2561 libuisset,
1633 2510 1959 2567 quacunque
2001 2490 2075 2546 de‘

353 2608 534 2642 causa.
586 2587 693 2643 Sed
725 2608 795 2645 ne
835 2587 901 2642 de
947 2586 1197 2663 pluribus
1242 2587 1508 2660 referam,
1542 2586 1856 2645 Salvidieno
1884 2589 2066 2646 Orfito

351 2687 625 2762 objectum
669 2698 778 2759 est,
819 2685 969 2763 quod
1016 2687 1268 2743 tabernas
1314 2699 1422 2744 tres
1474 2687 1739 2745 dedomo
1774 2711 1870 2745 sua
1921 2691 2066 2746 circa

354 2789 559 2842 Forum
579 2786 892 2842 civitatibus
913 2785 984 2842 ad
1010 2787 1298 2843 stationem
1316 2786 1574 2844 locasset:
1602 2790 1789 2846 Cassio
1811 2791 2063 2868 Longino

347 2885 736 2962 jurisconsulto
753 2930 770 2957 ,
807 2907 870 2942 ac
897 2886 1196 2943 luminibus
1219 2888 1439 2961 orbat0,
1469 2887 1619 2965 quod
1644 2890 1702 2945 in
1724 2902 1902 2945 vetere
1930 2910 2062 2967 gen-

353 2986 435 3041 tili
471 2999 756 3044 stemmate
786 2990 850 3044 C.
869 2988 1071 3058 Cassii,
1100 2989 1436 3065 percussoris
1465 2991 1719 3062 CaesariS,
1755 2991 2062 3046 retinuisset

354 3088 618 3164 imagines
652 3110 664 3143 ε
706 3091 854 3145 Paeto
882 3089 1163 3160 Thraseae,
1203 3088 1411 3144 tristior
1452 3101 1505 3145 et
1538 3090 1819 3167 paedagogi
1858 3088 2059 3144 vultus,

354 3188 501 3242 Mori
517 3188 678 3263 jussis
700 3209 812 3244 non
834 3187 1068 3266 amplius
1083 3231 1098 3261 ,
1121 3207 1285 3264 quam
1307 3188 1568 3245 horarum
1590 3190 1853 3266 spatium,
1879 3187 2060 3243 dabat.

355 3289 431 3340 Ac
456 3307 521 3342 ne
546 3287 678 3363 quid
703 3308 866 3344 morae
891 3287 1270 3361 interveniret,
1297 3288 1530 3345 medicos
1554 3288 1906 3362 admovebat,
1928 3291 2060 3364 «qui
