2372 3918
802 177 1111 225 ocnvms
1147 175 1488 221 AUGUSTUS.
1941 175 1999 223 55

274 282 358 339 dis
388 284 638 340 absentes
672 282 883 339 deferre
917 280 1128 337 statuit.
1166 278 1355 336 Ludos
1390 291 1574 334 autem
1610 281 1850 338 victoriae
1881 284 2002 339 Cae·

274 386 408 442 saris
435 407 548 443 non
577 382 906 442 audentibus
932 382 1134 454 facere,
1162 382 1362 459 quibus
1386 381 1660 459 obtigerat
1688 384 1742 439 id
1771 405 2001 459 munus,

275 488 390 565 ipse
415 486 601 543 edidit.
630 489 700 543 Et
727 506 839 562 quo
863 485 1207 541 constantius
1231 495 1412 540 cetera
1434 504 1656 561 quoque
1684 505 2003 563 exsequar&

274 600 390 660 tur,
420 588 476 643 in
509 585 694 644 locum
724 585 931 642 tribuni
965 583 1139 663 plebis
1166 584 1307 642 forte
1341 584 1619 642 demortui
1647 585 2000 644 candidatum

275 685 295 768 [
314 683 640 766 petitorem]
676 707 731 743 se
765 685 1031 758 ostendit,
1066 706 1405 763 quamquam
1435 686 1730 763 patriciuS,
1766 686 2000 749 necdum

273 798 508 845 senator.
536 787 644 844 Sed
674 779 1001 844 adversante
1029 787 1318 843 conatibus
1348 787 1461 843 suis
1486 788 1567 843 M.
1596 788 1844 844 Antonio
1870 809 2003 844 con-

274 886 416 957 sule,
448 909 613 964 quem
643 887 726 944 vel
754 888 1094 965 praecipuum
1129 887 1436 964 adjutorem
1469 901 1805 965 speraverat,
1841 909 1905 946 ac
1935 910 2004 945 ne

272 987 561 1067 publicum
587 987 808 1066 quidem
835 1002 890 1045 et
918 988 1314 1045 translaticium
1337 988 1427 1065 jus
1455 986 1567 1045 ulla
1592 989 1648 1043 in
1675 1009 1734 1044 re
1759 990 1860 1045 sibi
1887 990 2004 1047 sine

272 1090 531 1167 pactione
553 1089 885 1167 gravissimae
911 1088 1179 1146 mercedis
1208 1090 1581 1167 impertiente,
1614 1089 1684 1145 ad
1711 1090 2003 1167 optimates

274 1212 332 1246 se
353 1190 615 1262 contulit;
639 1191 841 1266 quibus
864 1212 990 1247 eum
1021 1191 1259 1247 invisum
1283 1191 1574 1262 sentiebat,
1597 1191 1834 1247 maxime
1855 1191 2004 1268 quod

272 1292 566 1348 Decimum
591 1294 828 1349 Brutum
849 1293 1132 1349 obsessum
1151 1293 1411 1366 Mutinae,
1433 1293 1720 1370 provincia
1741 1314 1771 1349 a
1793 1296 2005 1350 Caesare

273 1390 436 1461 data,
477 1404 533 1448 et
571 1413 668 1469 per
716 1403 967 1449 senatum
1010 1392 1364 1466 confirmata,
1400 1392 1672 1470 expellere
1711 1395 1877 1450 armis
1919 1395 2003 1451 ni-

274 1503 497 1548 teretur.
545 1493 911 1549 Hortantibus
955 1493 1142 1570 itaque
1191 1491 1509 1566 nonnulliS,
1556 1514 1906 1572 percussores
1954 1497 2004 1551 ei

273 1593 629 1665 subornavit,
669 1613 732 1648 ac
772 1593 963 1649 fraude
1003 1593 1376 1670 deprehensa,
1421 1594 1727 1669 periculum
1770 1596 2003 1653 invicem

273 1706 554 1766 metuens,
598 1706 886 1750 veteranos
920 1693 1084 1750 simul
1119 1695 1175 1748 in
1207 1715 1368 1750 suum
1398 1714 1460 1750 ac
1494 1693 1811 1772 reipublicae
1849 1699 2005 1753 auxi·

273 1794 408 1851 lium
429 1839 444 1869 ,
494 1808 701 1872 quanta
753 1797 935 1872 potuit
987 1794 1315 1874 largitione,
1365 1797 1656 1852 contraxit.
1707 1799 2006 1875 Jussusque

271 1909 591 1974 comparato
619 1897 880 1953 exercitui
910 1909 1250 1975 propraetore
1282 1916 1536 1974 praeesse,
1571 1909 1627 1953 et
1661 1917 1788 1953 cum
1823 1898 2005 1954 Hirtio

273 2019 338 2054 ac
377 2002 589 2070 Pansa,
633 2000 728 2076 qui
772 1997 1120 2055 consulatum
1162 2010 1517 2075 acceperant,
1559 1999 1791 2055 Decimo
1830 2001 2005 2056 Bruto

273 2121 437 2178 opem
472 2100 644 2174 ferre,
682 2099 1076 2157 demandatum
1107 2098 1317 2156 bellum
1350 2100 1513 2156 tertio
1550 2120 1735 2156 mense
1768 2100 2005 2157 confecit

274 2201 492 2258 duobus
522 2201 745 2279 proeliis.
778 2203 969 2258 Priore
998 2203 1272 2259 Antonius
1303 2221 1431 2256 eum
1462 2200 1665 2278 fugisse
1695 2201 1913 2274 scribit,
1941 2224 2005 2260 ac

273 2304 391 2359 sine
422 2302 816 2381 paludamento
852 2324 1104 2379 equoque
1143 2314 1270 2380 post
1305 2300 1536 2357 biduum
1575 2292 1797 2358 demum
1832 2324 2004 2381 appa-

273 2405 444 2461 ruisse
487 2426 500 2461 :
545 2405 824 2482 sequenti,
865 2405 995 2460 satis
1034 2415 1282 2477 constat,
1321 2423 1434 2459 non
1478 2401 1643 2458 modo
1682 2402 1867 2476 duciS,
1912 2404 2006 2460 sed

274 2506 441 2562 etiam
469 2504 656 2563 militis
690 2506 944 2562 functum
978 2526 1240 2577 munere,
1275 2516 1440 2582 atque
1474 2505 1529 2559 in
1563 2502 1743 2559 media
1773 2503 2005 2560 dimica-

275 2607 453 2677 tione,
488 2605 777 2682 aquilifero
815 2604 1045 2684 legionis
1084 2627 1193 2663 suae
1231 2606 1471 2683 graviter
1515 2605 1732 2676 sauci0,
1764 2603 2005 2681 aquilam

277 2706 520 2762 humeris
552 2706 783 2778 subisse,
818 2706 1023 2783 diuque
1053 2718 1318 2783 portasse.

355 2808 453 2862 XI.
499 2809 617 2862 Hoc
640 2803 786 2861 bello
809 2825 988 2882 quum
1006 2806 1218 2867 Hirtius
1244 2808 1301 2860 in
1329 2804 1471 2877 acie,
1493 2807 1672 2861 Pansa
1694 2824 1759 2882 pa
1770 2801 1859 2860 ulo
1884 2816 2006 2881 post

279 2927 346 2965 ex
386 2903 612 2962 vulnere
651 2905 948 2981 perissent,
996 2924 1188 2960 rumor
1227 2904 1561 2976 increbruit,
1605 2904 1796 2960 ambos
1835 2924 2003 2981 opera

279 3007 397 3084 ejus
434 3008 672 3076 occisos,
713 3016 807 3077 ut,
838 3004 1082 3061 Antonio
1113 3003 1333 3080 fugato,
1371 3002 1650 3079 republica
1684 3000 2002 3058 consulibus

281 3106 500 3178 orbata,
527 3103 674 3162 solus
699 3105 874 3160 victor
900 3115 1011 3159 tres
1039 3104 1307 3160 exercitus
1332 3112 1640 3178 occuparet.
1671 3103 1858 3157 Pansae
1886 3103 2005 3178 qui-

285 3206 408 3277 dem
437 3205 570 3262 adeo
608 3215 857 3281 suspecta
891 3225 1039 3261 mors
1075 3203 1201 3276 fuit,
1240 3215 1301 3258 ut
1334 3200 1509 3278 Glyco
1546 3199 1787 3256 medicus
1822 3213 2002 3257 custo-
