2372 3918
362 289 459 322 220
1145 275 1336 321 NOTAE

359 371 481 415 tium
510 369 732 416 Sallustio
759 356 953 431 Crispo}
977 370 1055 415 ille
1078 386 1103 415 e
1127 367 1379 416 clientibus
1402 370 1525 417 duos
1542 368 1756 435 (quidam
1773 373 1944 420 milites
1961 375 2101 420 fuisse

359 445 574 511 tradunt)
603 447 794 510 deligit,
817 442 961 508 atque
983 447 1220 505 hortatur,
1244 447 1459 494 simulata
1490 448 1776 494 conscientia
1807 450 2000 509 adeant,
2026 469 2053 497 o

363 525 516 570 ferant
537 525 786 586 pecuniam
801 559 814 584 ,
838 523 983 571 fidem
1005 533 1149 586 atque
1172 516 1385 586 pericula
1408 527 1738 587 polliceantur.
1765 522 2093 589 Exsequunt't..

361 610 414 646 ut
433 603 617 662 jussum
639 612 765 662 erat3
791 603 902 649 dein
926 603 1155 664 speculati
1177 612 1367 650 noctem
1390 604 1753 663 incustoditam,
1781 615 1973 666 accepta
1988 606 2104 652 ido-

359 695 448 726 nea
479 696 625 726 manu
641 716 655 739 ‚
697 682 930 739 vinctum,
971 682 1130 726 clauso
1167 697 1280 740 ore,
1310 682 1360 727 in
1391 683 1619 743 palatium
1658 692 1857 728 traxere.
1889 685 2102 728 Pereun-

363 757 508 802 ctanti
531 758 726 805 Tiberio
751 759 999 820 quomodo
1031 758 1247 820 Agrippa
1274 758 1424 806 factus
1442 769 1588 818 esset,
1614 759 1915 820 respondisse
1939 760 2106 817 fertur,

361 836 622 893 Quomodo
652 845 707 882 tu
730 836 895 883 Caesar.
921 838 988 883 Ut
1018 831 1181 882 ederet
1204 836 1359 883 socios
1386 837 1539 901 subigi
1565 853 1666 883 non
1689 836 1863 898 potuit.
1897 838 1997 882 Nec
2018 837 2104 882 Ti-

361 911 520 958 berius
550 928 740 973 poenam
763 914 864 974 ejus
885 915 1042 974 palam
1070 929 1237 972 ausus,
1266 914 1314 960 in
1341 924 1518 960 secreta
1551 914 1712 976 palatii
1746 922 1881 974 parte
1903 913 2107 960 interfici

359 988 497 1047 jussit
513 1026 525 1048 ,
557 992 833 1052 corpusque
859 993 979 1037 clam
1006 991 1198 1037 auferri.
1221 1012 1239 1032 »2

428 1067 683 1128 Secespica.
708 1067 836 1114 Dicit
857 1069 1021 1114 Festus
1045 1069 1325 1129 secespitam
1343 1085 1440 1115 esse
1456 1071 1660 1115 cultrum
1685 1071 1914 1129 ferreum,
1930 1069 2107 1115 oblon-

362 1159 494 1204 gum,
527 1145 781 1191 manubrio
819 1146 1060 1204 rotundo,
1097 1145 1334 1204 eburneo,
1369 1146 1549 1205 solido,
1590 1147 1751 1193 vincto
1785 1148 1848 1193 ad
1887 1148 2105 1207 capulum

362 1235 482 1265 auro
515 1231 831 1283 argentoque,
862 1221 1011 1267 fixum
1036 1223 1179 1268 clavis
1203 1223 1367 1281 aeneis,
1392 1240 1481 1270 aere
1506 1224 1700 1286 cyprio,
1737 1241 1836 1285 quo
1869 1222 2109 1280 flamines,

361 1294 608 1343 flaminicae
651 1298 882 1359 virgines,
927 1298 1277 1361 pontificesque
1312 1301 1374 1346 ad
1407 1299 1636 1347 sacrificia
1669 1302 1941 1348 utebantur.
1985 1300 2109 1345 Vide

360 1376 604 1435 secespita?
639 1376 891 1438 imaginem
931 1377 981 1422 in
1011 1378 1145 1423 Thes.
1191 1379 1369 1432 Groev„
1409 1387 1440 1422 t.
1476 1395 1521 1436 v,
1561 1395 1606 1439 p.
1645 1379 1766 1437 316,
1800 1377 1934 1441 insig.
1970 1380 2107 1424 Pont.

361 1452 490 1498 Max.
505 1487 518 1510 ,
550 1453 646 1498 tab.
677 1468 719 1512 7.

434 1531 683 1576 Scor-etum.
727 1532 916 1578 Scilicet
954 1533 1276 1594 colloquium,
1309 1533 1444 1594 quod
1474 1533 1608 1579 addit
1645 1534 1835 1579 Tacitus
1855 1568 1868 1590 ,
1895 1535 2071 1578 Annal.
2093 1567 2106 1585 ‚

365 1623 453 1666 111,
481 1616 555 1662 [20.

432 1686 539 1732 CAP.
564 1687 744 1734 XXVI.
761 1690 1092 1735 Incurrentem.
1117 1690 1176 1736 H.
1208 1704 1247 1736 e.
1273 1689 1325 1734 in
1348 1704 1389 1734 a.
1416 1689 1461 1735 d.
1482 1704 1568 1736 xvi
1598 1689 1692 1734 kal.
1712 1689 1812 1734 dec.
1830 1722 1843 1745 ‚
1861 1704 1960 1748 quo
1981 1696 2107 1732 tem-

362 1779 482 1824 pore
507 1765 743 1811 celebrare
768 1768 985 1812 solebant
999 1767 1217 1828 plebeios
1246 1766 1475 1813 circenses
1498 1766 1549 1811 in
1582 1767 1708 1812 circo
1732 1765 1966 1811 Flaminio
1991 1765 2109 1810 aedi-

361 1842 429 1887 les
456 1843 621 1903 plebis.
637 1844 738 1889 Hos
760 1853 887 1890 recte
921 1853 1084 1890 monet
1109 1845 1177 1891 Cl.
1197 1847 1334 1896 Hase
1366 1844 1727 1907 distinguendos
1751 1860 1777 1889 a
1802 1845 1990 1904 magnis
2014 1843 2109 1888 sive

365 1919 613 1979 Romanis,
639 1920 699 1966 de
724 1921 901 1982 quibus
923 1921 1036 1967 vide
1051 1937 1156 1982 sup.
1183 1925 1308 1983 Aug.
1323 1956 1336 1976 ‚
1362 1937 1509 1967 xx111.

417 1999 688 2044 ‘Juraretun
714 1999 862 2045 Tacit.
880 2034 893 2057 ,
921 2002 1098 2045 Annal.
1112 2033 1128 2054 ,
1161 2015 1205 2058 1,
1237 2014 1298 2057 72
1328 2016 1339 2043 :
1372 1999 1575 2059 «Neque
1597 1998 1647 2042 in
1673 2007 1782 2043 actu
1810 2013 1897 2044 suo
1928 1996 2111 2057 jurari,

367 2090 658 2136 quamquam
683 2085 902 2122 censente
938 2086 1128 2136 senatu,
1152 2077 1380 2137 permisit.
1407 2097 1427 2117 »
1451 2076 1522 2121 Cf.
1552 2077 1729 2133 D1oN.,
1764 2091 1889 2133 Lvu,
1922 2091 1972 2134 p.
1998 2074 2109 2130 607.

430 2153 712 2213 September.
749 2156 944 2212 Zonar.,
983 2157 1188 2209 AnnaL,
1224 2171 1292 2213 11,
1329 2170 1378 2215 p.
1420 2154 1547 2212 173:
1576 2165 1643 2217 Τῷ
1675 2156 1726 2201 δέ
1764 2176 1811 2216 γε
1841 2159 2014 2215 Τιβερίῳ
2041 2163 2112 2204 τῆς

321 2263 323 2265 ·
369 2238 510 2291 βουλῆς
537 2239 787 2296 ἐγκειμένης,
816 2240 887 2282 καὶ
910 2240 976 2282 τὸν
1002 2244 1094 2297 γοῦν
1121 2222 1231 2296 μῆνά.
1252 2240 1320 2281 τὸν
1337 2235 1559 2295 νοέμὲριον,
1589 2239 1625 2279 ἐν
1653 2234 1683 2293 ᾧ
1707 2243 1758 2294 τῇ
1787 2238 1885 2293 ἕκτῃ
1910 2235 1978 2278 ἐπὶ
2003 2231 2110 2277 δέκα

368 2316 626 2372 ἐγεγέννητο,
660 2314 839 2373 Τιῧέριον
880 2318 1092 2359 καλεῖσθαι
1127 2315 1329 2366 ἀξιούσης“
1355 2315 1426 2358 καὶ
1449 2316 1516 2366 τί,
1542 2316 1636 2372 ἔφη,
1664 2317 1884 2364 vot-mere,
1908 2312 1955 2354 ἂν
1984 2308 2112 2354 δεκα-

366 2393 468 2448 τρεῖς
490 2393 699 2450 Καίσαρες
718 2395 916 2450 γένωνται

437 2463 596 2507 Patris
626 2464 817 2523 patrioe.
848 2463 1022 2521 Tacit.,
1058 2465 1232 2508 Αηηαῖ.
1246 2497 1262 2518 ,
1298 2479 1341 2521 1,
1376 2477 1434 2520 72
1466 2479 1476 2506 :
1512 2482 1529 2501 ιι
1550 2462 1737 2506 Nomen
1771 2457 1920 2503 Patris
1946 2458 2112 2503 Patriae

366 2538 607 2599 Tiberius,
631 2556 657 2586 a
680 2542 866 2602 populo
892 2541 1059 2602 saepius
1082 2543 1339 2603 ingestum,
1364 2538 1649 2600 repudiavit.
1670 2559 1689 2578 »
1814 2543 1816 2545 ’

430 2609 659 2664 4ίίὶίίεαηι.
684 2622 801 2677 Quae
823 2620 874 2664 in
895 2621 1133 2665 vestibulo
1161 2618 1342 2664 aedium-
1356 2617 1674 2664 Palatinarum
1690 2615 1980 2676 ponebatur,
1993 2620 2110 2658 teste

367 2695 571 2753 Ovidio,
604 2698 762 2751 Fast„
795 2712 839 2753 1,
865 2697 958 2751 614
985 2711 995 2740 :

603 2847 784 2900 Protegat
808 2855 848 2888 et
865 2854 1012 2888 vestras
1031 2860 1185 2902 querna
1204 2860 1353 2888 corona
1375 2846 1489 2887 fores.

438 2985 653 3031 Addidit.
696 2986 815 3045 Dio,
842 3002 969 3045 LVII,
1007 3003 1055 3048 p.
1089 2987 1183 3045 607
1216 3004 1227 3031 :
1267 2995 1323 3035 Τὸ
1359 2998 1430 3036 τοῦ
1469 2993 1703 3049 Αὐγούστου
1739 2993 1809 3032 οὐκ.
1848 2990 2012 3031 ἐπέθετο
2037 2988 2108 3045 μὲν

371 3065 483 3118 (οὐδὲ
528 3070 604 3127 γὰρ
650 3070 895 3128 ψηφισθῆναί
936 3090 1038 3115 ποτε
1074 3069 1213 3121 εἴασε)”
1240 3072 1451 3129 λεγόμενον
1491 3065 1531 3110 δ’
1554 3070 1722 3120 ἀκούων,
1753 3067 1823 3110 καὶ
1861 3067 2106 3124 γραφόμενον

371 3146 672 3204 ἀναγινώσκων,
699 3148 820 3205 ἔφερε.

446 3228 608 3272 Unum.
634 3229 690 3272 A.
713 3231 771 3274 U.
804 3245 891 3287 771
913 3266 925 3287 ,
950 3230 1121 3287 Tacit,
1149 3214 1326 3274 Amial.
1343 3263 1358 3283 ‚
1395 3245 1437 3272 11
1454 3263 1467 3285 ,
1504 3226 1578 3272 53.

444 3307 668 3350 Alterum.
697 3308 752 3350 A.
777 3308 834 3352 U.
865 3313 981 3365 774,
1009 3317 1115 3351 cum
1142 3309 1299 3352 Druso
1325 3305 1445 3364 filio,
1471 3304 1618 3350 Tacit.
1636 3339 1648 3361 ,
1674 3303 1847 3348 Annal.
1861 3335 1876 3358 ,
1910 3315 1997 3357 111,
2033 3300 2107 3371 3⁵1.
