2372 3918
378 275 384 282 *
414 280 505 326 228
1082 284 1130 328 C.
1168 284 1457 330 SUETONII

410 406 504 441 sua
535 384 746 462 repulit.
781 388 917 442 Item
949 387 1179 442 scribam
1210 388 1587 464 quaestorium,
1622 387 1858 462 itemque
1883 398 2115 463 praetura

411 484 661 540 functum
704 498 1042 555 senatorem,
1090 486 1364 541 inauditos
1412 499 1466 541 et
1511 486 1761 543 innoxios
1803 484 2108 562 relegavit:

408 583 557 658 quod
581 582 672 639 ille
692 584 948 640 adversus
973 585 1247 661 privatum
1276 606 1331 640 se
1353 585 1802 661 intemperantius
1827 583 2116 654 adfuisset;

409 683 499 739 hic
542 684 598 739 in
644 683 897 740 aedilitate
929 683 1226 760 inquilinos
1258 684 1589 760 praediorum
1630 706 1882 753 suorum,
1923 668 2116 739 contra

408 783 636 838 vetitum
664 795 815 838 cocta
850 782 1173 853 vendenteS,
1222 782 1532 855 multasset,
1565 782 1914 860 villicumque
1945 785 2114 839 inter-

409 883 713 938 venientem
737 881 1073 960 flagellasset.
1107 884 1232 955 Qua
1257 883 1322 938 de
1346 883 1509 939 caus'a
1537 884 1700 938 etiam
1732 884 2115 939 coercitionem

406 983 734 1058 popinarum
768 981 1015 1038 aedilibus
1062 982 1280 1038 ademit.
1330 985 1411 1039 Ac
1455 1002 1523 1037 ne
1567 980 1851 1038 stultitiam
1893 983 2114 1059 quidem

407 1103 561 1137 suam
615 1084 860 1153 reticuit,
921 1081 1338 1159 simulatamque
1394 1104 1426 1139 a
1473 1104 1529 1139 se
1578 1104 1644 1137 ex
1692 1082 1964 1139 industria
2012 1084 2114 1139 sub

408 1183 563 1253 Caio,
583 1182 733 1259 quod
761 1181 918 1239 aliter
948 1204 1208 1240 evasurus
1237 1196 1706 1260 perventurusque
1723 1183 1791 1237 ad
1812 1187 2115 1259 susceptam

407 1284 698 1338 stationem
741 1304 851 1338 non
890 1283 1080 1356 fuerit,
1128 1284 1454 1360 quibusdam
1498 1282 1856 1339 oratiunculis
1895 1296 2118 1340 testatus

408 1393 505 1437 est.
557 1384 673 1437 Nec
714 1395 898 1437 tamen
940 1379 1238 1459 persuasit3
1284 1404 1455 1459 quum
1502 1384 1644 1438 intra
1693 1382 1858 1437 breve
1906 1395 2119 1459 tempus

408 1479 544 1536 liber
575 1482 751 1538 editus
779 1484 873 1553 sit,
904 1483 990 1537 cui
1014 1483 1176 1538 index
1196 1495 1311 1538 erat
1336 1481 1527 1557 μωρῶν
1558 1476 1934 1553 ἐπανάστασις,
1965 1504 2122 1560 argu-

407 1593 652 1637 mentum
679 1595 886 1654 autem,
919 1607 946 1634 τ(
971 1583 1260 1638 stultitiam
1288 1584 1559 1638 neminem
1588 1583 1808 1660 fingere.
1833 1607 1860 1635 2>

487 1685 747 1738 XXXIX.
794 1686 947 1738 Inter
993 1693 1170 1738 cetera
1213 1683 1269 1736 in
1311 1703 1375 1737 eo
1413 1683 1593 1738 mirati
1632 1694 1759 1737 sunt
1786 1683 2034 1738 homines
2065 1696 2119 1739 et

407 1780 736 1836 oblivionem
770 1795 824 1838 et
857 1781 1401 1851 inconsiderantiam,
1445 1781 1557 1853 vel,
1606 1795 1667 1837 ut
1706 1803 1875 1860 graece
1909 1782 2118 1853 dicam,

400 1887 682 1954 μετεωρίοιν
724 1893 776 1936 et
825 1878 1108 1961 ἀβλεψίαν.
1159 1881 1356 1937 Occisa
1404 1880 1723 1948 Messalina,
1763 1880 1928 1958 paulo
1965 1895 2118 1959 post,

407 2001 573 2055 quam
600 1981 657 2035 iu
690 1980 927 2036 triclinio
954 1981 1240 2052 decubuit,
1271 2006 1297 2033 «
1321 1995 1420 2036 cur
1441 1981 1662 2036 domina
1693 2002 1804 2036 non
1837 1983 2068 2053 veniret,
2093 2008 2120 2034 n

406 2080 704 2155 requisivit.
743 2079 953 2137 Multos
980 2102 1046 2136 ex
1073 2082 1166 2153 iis,
1193 2102 1331 2156 quos
1369 2082 1546 2157 capite
1588 2081 1945 2137 damnaverat
1963 2124 1978 2152 ,
2001 2103 2121 2158 pos-

406 2190 526 2234 tero
555 2180 738 2234 statim
766 2179 852 2234 die
883 2192 937 2235 et
963 2181 1019 2235 in
1049 2181 1386 2251 convivium,
1412 2192 1467 2235 et
1498 2179 1567 2235 ad
1594 2179 1723 2236 aleae
1742 2179 1922 2236 lusum
1940 2180 2121 2237 admo-

407 2279 522 2333 neri
552 2277 746 2354 jussit:
780 2291 857 2351 et,
890 2280 1045 2356 quasi
1076 2291 1449 2352 morarentur,
1496 2279 1984 2336 ut‘somniculosos
2023 2302 2120 2357 per

406 2379 671 2433 nuncium
715 2379 1003 2455 increpuit.
1044 2381 1343 2435 >Ducturus
1386 2392 1578 2435 contra
1627 2379 1708 2434 fas
1757 2381 2117 2456 Agrippinam

407 2497 633 2532 uxorem
659 2521 674 2550 ,
734 2500 844 2534 non
898 2481 1130 2535 cessavit
1189 2480 1338 2534 omni
1399 2479 1646 2534 oratione
1696 2503 1722 2531 «
1752 2478 1952 2548 filiam,
1981 2504 2007 2531 »
2067 2493 2120 2535 et

404 2599 431 2628 c<
448 2574 720 2632 alumnam
738 2620 752 2649 ,
770 2602 796 2629 >2
820 2591 874 2632 et
905 2602 932 2630 c<
949 2579 1005 2632 in
1036 2578 1241 2653 gremio
1270 2597 1369 2632 suo
1399 2590 1582 2633 natam
1609 2590 1771 2654 atque
1794 2578 2116 2635 educatam»

404 2675 712 2750 praedicare.
748 2678 1033 2732 Asciturus
1074 2678 1132 2732 in
1167 2697 1366 2732 nomen
1408 2676 1624 2733 familiae
1665 2698 1772 2733 suae
1812 2679 2115 2749 Neronem,

404 2775 558 2850 quasi
607 2796 801 2851 parum
849 2776 1378 2853 reprehenderetur,
1433 2776 1582 2853 quod
1626 2775 1813 2833 adulto
1851 2779 1965 2854 jam
2005 2777 2116 2833 filio

405 2873 718 2950 privignum
747 2874 1058 2952 adoptaret,
1093 2875 1390 2931 identidem
1421 2874 1752 2954 divulgavit,
1791 2901 1818 2929 <r
1843 2878 2114 2932 neminem
2174 2927 2175 2930 ,

407 2992 647 3048 unquam
675 2995 774 3051 per
800 2974 1148 3051 adoptionem
1175 2974 1393 3030 familiae
1419 2974 1661 3031 Claudiae
1691 2976 1973 3032 insertum.
2004 2999 2031 3027 >2

482 3075 600 3128 XL.
639 3075 916 3130 Sermonis
948 3097 1075 3131 vero
1104 3096 1401 3150 rerumque
1425 3087 1634 3131 tantam
1666 3098 1804 3154 saepe
1830 3075 2109 3153 negligen-

407 3175 538 3228 tiam
570 3175 834 3247 ostendit,
866 3187 926 3229 ut
958 3195 1057 3250 nec
1089 3175 1237 3249 quiS,
1271 3195 1369 3230 nec
1403 3176 1545 3231 inter
1573 3198 1734 3252 quOS,
1765 3196 1942 3252 quove
1970 3188 2109 3230 tem-

407 3292 539 3346 pore
574 3295 635 3329 ac
669 3273 787 3329 loco
827 3274 990 3329 verba
1024 3274 1243 3346 faceret,
1286 3276 1422 3330 scire
1451 3288 1545 3331 aut
1573 3277 1810 3352 cogitare
1840 3276 2112 3330 existima-
