2372 3918
922 282 1247 331 CALIGULA.
1854 298 1945 347 ¹79

231 413 386 466 uem,
423 393 596 471 ipsam
624 391 892 453 Enniam,
927 387 1205 466 adjutores
1240 386 1452 464 imperii
1486 408 1499 442 ε
1540 389 1739 464 quibus
1769 391 1944 448 omni-

231 490 335 550 bus
364 513 468 572 pro
499 488 915 550 necessitudinis
938 489 1066 566 jure
1083 531 1100 561 ,
1135 507 1347 567 proque
1378 487 1702 547 meritorum
1738 491 1913 567 gratia
1929 533 1946 563 ‚

230 603 458 650 cruenta
492 612 639 651 mors
676 588 956 669 persoluta
989 600 1087 647 est.
1122 586 1314 647 Nihilo
1342 590 1675 646 reverentior
1703 587 1947 647 leniorve

231 712 363 771 erga
391 702 639 750 senatum
664 711 678 747 ε
709 688 978 767 quosdam
1012 688 1240 746 summis
1271 686 1576 746 honoribus
1606 687 1849 762 functos,
1876 690 1948 747 ad

230 789 478 850 essedum
500 789 602 850 sibi
628 809 849 847 currere
875 800 1090 867 togatos
1113 809 1214 867 per
1234 787 1443 866 aliquot
1466 808 1726 866 passuum
1747 787 1947 861 millia,

229 903 283 949 et
322 891 558 949 coenanti
580 933 596 963 ,
629 888 795 948 modo
838 888 908 947 ad
949 888 1199 968 pluteum
1234 888 1400 947 modo
1436 888 1506 947 ad
1547 888 1715 968 pedes
1757 900 1902 947 stare
1926 932 1943 962 ,

131 1070 137 1076 ι
228 992 533 1051 succinctos
567 989 767 1064 linte0‚
810 1011 1000 1068 passus
1032 1003 1155 1048 est:
1191 988 1330 1047 alios
1361 1011 1533 1067 quum
1571 988 1712 1047 clam
1745 990 1947 1048 intere-

228 1092 433 1165 misset,
455 1092 625 1150 citare
648 1090 822 1150 nihilo
850 1092 1031 1149 minus
1059 1104 1123 1149 ut
1144 1092 1298 1148 vivos
1318 1091 1716 1169 perseveravit,
1742 1111 1945 1169 paucos

227 1204 348 1272 post
371 1191 487 1250 dies
509 1191 822 1251 voluntaria
845 1205 1022 1250 morte
1046 1193 1248 1271 perisse
1278 1193 1558 1250 mentitus.
1584 1190 1944 1264 ConsulibuS,
2040 1195 2046 1204 ’

224 1291 409 1350 oblitis
441 1292 509 1350 de
549 1292 718 1350 natali
753 1315 854 1351 suo
894 1293 1147 1365 edicere,
1186 1293 1475 1372 abrogavit
1512 1293 1891 1372 magistratum
1928 1314 1942 1349 ε

225 1392 434 1469 fuitque
467 1413 564 1471 per
602 1392 848 1450 triduum
887 1394 1018 1450 sinev
1041 1414 1256 1450 summa
1299 1405 1569 1471 potestate
1614 1392 1943 1470 respublica.

226 1493 569 1567 Quaestorem
588 1514 750 1550 suum
772 1495 830 1567 in
852 1495 1232 1571 conjuratione
1255 1494 1600 1550 nominatum
1623 1492 1944 1571 flagellavit,

227 1605 372 1651 veste
401 1593 674 1666 detracta,
705 1595 1055 1672 subjectaque
1088 1594 1326 1651 militum
1354 1594 1585 1672 pedibus
1603 1638 1619 1666 ‚
1648 1615 1760 1671 quo
1790 1593 1946 1650 firme

224 1694 563 1751 verberaturi
594 1694 925 1750 insisterent.
956 1694 1135 1752 Simili
1168 1695 1423 1771 superbia
1453 1694 1822 1771 violentiaque
1851 1715 1943 1750 ce-

221 1805 368 1850 teros
401 1795 659 1851 tractavit
695 1794 931 1851 ordineS.
969 1794 1313 1870 Inquietatus
1353 1792 1575 1850 fremitu
1611 1794 1852 1871 gratuita
1885 1795 1942 1849 in

220 1893 366 1950 circo
397 1892 515 1950 loca
544 1893 612 1950 de
642 1894 824 1950 media
855 1905 1017 1950 nocte
1044 1894 1465 1971 occupantium,
1491 1914 1680 1949 omnes
1703 1894 1939 1949 fustibus

219 1992 416 2071 abegit.
447 1991 581 2051 Elisi
613 2014 712 2071 per
743 2014 870 2051 eum
903 1992 1203 2051 tumultum
1238 1995 1432 2073 viginti
1458 1993 1693 2072 amplius
1726 1994 1940 2070 equites

219 2094 469 2166 romani,
510 2094 738 2151 totidem
783 2107 1078 2167 matronae,
1121 2115 1288 2172 super
1330 2095 1675 2151 innumeram
1718 2094 1939 2150 turbam

217 2206 469 2250 ceteram.
502 2196 745 2252 Scenicis
785 2194 962 2267 ludis,
999 2196 1144 2252 inter
1179 2193 1400 2272 plebem
1436 2208 1492 2252 et
1523 2196 1764 2272 equitem
1805 2215 1939 2252 cau-

218 2312 332 2349 sam
374 2292 772 2351 discordiarum
807 2315 1025 2368 serens,
1058 2294 1297 2351 decimas
1333 2298 1604 2352 maturius
1642 2294 1842 2366 dabat,
1881 2306 1944 2350 ut

219 2394 493 2470 equestria
534 2394 603 2452 ab
642 2394 830 2451 infimo
873 2415 1097 2473 quoque
1135 2407 1557 2472 occuparentur.
1594 2394 1942 2452 Gladiatorio

219 2513 480 2565 munere,
525 2493 766 2552 reductis
812 2494 1089 2551 interdum
1141 2495 1562 2573 flagrantissimo
1609 2492 1723 2551 sole
1767 2492 1941 2564 velis,

219 2594 394 2649 emitti
427 2614 759 2671 quemquam
795 2595 1020 2652 vetabat
1047 2616 1060 2652 :
1096 2607 1421 2671 remotoque
1458 2594 1741 2651 ordinario
1772 2614 1940 2671 appa-

220 2703 379 2765 ratu,
405 2693 618 2750 tabidas
650 2694 791 2751 feras
812 2737 828 2763 ‚
859 2694 1152 2751 vilissimos
1186 2696 1448 2772 senioque
1483 2694 1759 2751 confectos
1778 2735 1793 2766 ‚
1828 2692 1941 2771 gla-

219 2790 459 2849 diatores
489 2813 708 2869 quoque
738 2814 1053 2871 pegmareS‚
1079 2794 1600 2870 patresfamiliarum
1630 2807 1817 2864 notOS,
1847 2792 1941 2848 sed

219 2890 459 2968 insignes
492 2890 772 2949 debilitate
804 2891 986 2969 aliqua
1016 2895 1264 2971 corporis
1282 2936 1297 2965 ,
1329 2894 1666 2971 subjiciebat.
1696 2898 1776 2952 Ac
1803 2913 1940 2948 non-

219 3009 537 3067 nunquam,
563 2991 775 3048 horreis
799 2991 1103 3069 praeclusis,
1136 2991 1343 3070 populo
1372 2993 1569 3050 famem
1602 2993 1817 3049 indixit.

298 3092 535 3148 XXVII.
569 3092 842 3148 Saevitiam
875 3092 1083 3171 ingenii
1120 3113 1219 3171 per
1253 3093 1366 3149 haec
1403 3094 1639 3149 maxime
1681 3089 1937 3148 ostendit.

219 3189 411 3263 Quum
443 3189 513 3247 ad
540 3191 783 3270 saginam
813 3191 1083 3263 ferarum,
1114 3194 1329 3249 muneri
1362 3204 1823 3270 praeparatarum,
1854 3211 1940 3247 ca-

225 3289 340 3346 rius
371 3290 609 3368 pecudes
640 3306 1113 3370 compararentur,
1144 3315 1209 3350 ex
1243 3295 1417 3350 noxiis
1453 3292 1738 3350 laniandos
1771 3312 1940 3347 anno-

1615 3415 1697 3450 12.
