2372 3918
401 357 416 388 1
430 344 487 397 813
1186 343 1380 390 NOTAE

461 443 569 486 cip.
597 441 776 486 XLIII.
801 440 897 486 Ter.
917 441 973 485 In
998 441 1209 485 Monam.
1238 443 1406 499 Ancyr.
1434 458 1448 483 .·
1475 461 1492 480 «
1517 442 1681 486 Ludos
1707 441 1795 487 feci
1825 458 1932 487 meo
1949 442 2143 488 nomine

394 528 573 579 quater.
595 539 614 559 a

460 597 734 642 Histrc‘ones.
758 598 831 642 Ita
853 610 983 657 sup.,
1014 595 1065 640 in
1092 596 1214 641 Coes.
1230 629 1243 650 ‚
1270 611 1440 644 xxxix.

464 674 630 735 Septis.
664 672 790 734 Dio,
838 689 935 719 mn
955 709 970 733 ,
1002 689 1050 734 p.
1087 671 1180 719 512
1214 689 1226 718 ἓ
1262 680 1446 746 Σιτττὰ...
1491 687 1627 725 ταῦτα
1667 683 1705 724 ἐν
1747 687 1806 741 τῷ
1847 674 1979 741 Ᾰριίφ
2010 679 2145 742 1:⁸81«,-

394 759 535 809 στοαῖς
556 757 674 816 πέριξ
698 759 777 803 ὑπὸ
805 763 877 802 τοῦ
906 753 1090 801 Δέπὶὃου
1115 758 1212 816 πρὸς
1239 774 1314 807 τας
1337 757 1551 815 φυλετικὰς
1579 759 1842 818 ἀρχαιρεσίας
1864 755 2148 819 συνῳκοδομη-

394 836 523 892 μίνα,
537 835 609 879 καὶ
623 834 751 887 πλαξὶ
765 836 932 886 λιθίναις
956 834 1029 878 καὶ
1055 834 1375 893 ζωγραφήμασιν
1403 835 1683 894 ἐπεκόσμησεν
1706 826 1833 894 (scil.
1849 837 1870 880 ὁ
1896 828 2147 895 hyphen-04),

392 905 524 972 Ῐοῦλια
549 913 658 958 αὑτὰ
686 913 769 957 ἀπὸ
796 918 869 957 τοῦ
899 914 1136 972 Αὐγούστου
1159 914 1503 971 προσαγορεύσας.

468 995 791 1041 Venationem.
823 996 897 1041 De
919 991 1176 1040 venatione
1201 993 1422 1052 circensi,
1437 994 1549 1040 vide
1566 1010 1737 1055 supra,
1765 994 1919 1049 Coes.,
1943 1011 2111 1043 xxxxx.

457 1086 518 1132 In
545 1083 726 1145 Campo
754 1083 938 1129 Martio
942 1118 1019 1129 .....
1048 1083 1288 1130 sedilibus.
1313 1085 1432 1144 Dio,
1458 1101 1567 1143 mv,
1590 1101 1640 1146 p.
1665 1086 1761 1147 496
1799 1102 1812 1132 τ
1842 1093 1930 1137 Καὶ
1960 1096 2150 1154 γυμνικὸς

391 1165 442 1212 82
464 1169 560 1212 τότε
587 1169 722 1227 ἀγὼν,
745 1164 921 1212 σταδίου
945 1169 1050 1218 τινὸς
1080 1169 1119 1212 ἐν
1143 1173 1202 1228 τῷ
1224 1160 1355 1227 Ᾰρείῳ
1376 1166 1514 1227 πεδίῳ
1539 1168 1690 1220 ξυλίνου
1719 1173 2149 1224 κατασκευασθέντος,

392 1245 574 1293 ἐποιήθη.
612 1237 821 1284 Romani
853 1237 997 1284 ludos
1019 1237 1070 1283 in
1104 1239 1291 1284 theatro
1328 1247 1504 1285 stantes
1535 1247 1671 1285 antea
1706 1242 2001 1301 spectabant.
2043 1243 2146 1287 Val.

388 1316 546 1373 Max„
593 1330 664 1372 11,
699 1320 728 1371 4
759 1330 772 1360 :
812 1315 1272 1362 «Senatusconsulto
1315 1324 1507 1362 cautum
1554 1325 1650 1374 est,
1681 1332 1743 1362 ne
1780 1317 1889 1379 quis
1927 1318 1979 1365 in
2014 1320 2147 1367 Urbe

388 1391 648 1454 propiusve
673 1407 841 1453 passus
864 1392 991 1438 mille
1017 1392 1239 1439 subsellia
1260 1393 1475 1454 posuisse
1490 1429 1502 1452 ,
1530 1393 1757 1440 sedensve
1779 1395 1921 1441 ludos
1937 1406 2148 1458 spectare

388 1469 555 1530 vellet,
577 1476 633 1515 ut
655 1468 834 1515 scilicet
854 1467 1123 1515 remissioni
1146 1468 1415 1516 animorum
1434 1470 1600 1530 juncta
1615 1471 1775 1517 standi
1788 1470 2008 1530 virilitas,
2027 1489 2150 1533 pro-

387 1545 496 1607 pria
519 1562 730 1593 romanae
755 1546 909 1610 gentis
930 1556 1047 1594 nota
1074 1556 1208 1594 esset.
1235 1568 1255 1588 »

458 1634 648 1681 Cavato.
673 1636 747 1680 Ita
779 1636 913 1681 Mon.
942 1639 1112 1692 Ancrr.
1136 1653 1151 1680 .·
1177 1637 1406 1683 «Navalis
1435 1637 1593 1697 proelii
1617 1631 1938 1699 spectaculum
1960 1641 2150 1701 populo
2196 1620 2199 1625 γ

389 1712 503 1759 dedi
529 1721 661 1759 trans
688 1712 931 1771 Tiberim,
966 1712 1017 1759 in
1053 1729 1154 1775 quo
1179 1715 1289 1760 loco
1321 1729 1452 1760 nunc
1481 1731 1648 1761 nemus
1679 1724 1749 1761 est
1773 1717 2035 1776 Caesarum,
2062 1732 2145 1762 ca-

390 1798 502 1836 vato
535 1792 669 1849 solo,
700 1799 791 1836 etc.
813 1811 834 1831 »

457 1881 677 1942 Aurcgas.
703 1882 776 1926 De
799 1878 977 1942 aurigis
999 1879 1109 1926 vide
1135 1881 1342 1927 inm.
1358 1914 1372 1939 ,
1399 1882 1461 1927 cle
1483 1882 1604 1927 Lud.
1625 1871 1831 1928 Cir-cens.
1844 1915 1861 1938 ,
1892 1899 1937 1940 1,
1974 1898 1993 1927 1
2008 1899 2046 1928 1.

459 1959 779 2019 Cursor-esque.
825 1960 900 2004 De
933 1957 1213 2004 cursoribus
1250 1948 1362 2005 vide
1388 1960 1703 2017 Boutae-nn„
1747 1960 1809 2004 de
1856 1958 1975 2005 Cir-c.
2013 1961 2146 2004 Rom.

388 2035 630 2098 Ludisque
661 2035 892 2090 Circen-5„
922 2049 962 2080 c.
1000 2050 1135 2080 xxxi.

456 2125 698 2169 Ferarum.
722 2124 797 2169 De
828 2123 1189 2171 confectoribus
1218 2125 1428 2171 ferarum
1451 2123 1564 2170 vide
1600 2126 1918 2183 Bunznenn„
1952 2126 2014 2169 de
2051 2124 2147 2189 Ve-

390 2202 581 2246 natione
614 2200 770 2254 Circi,
795 2217 896 2246 var.
922 2202 1040 2260 loc.,
1065 2201 1115 2246 in
1139 2202 1278 2246 Thes.
1304 2197 1485 2256 Groevf,
1513 2210 1547 2246 t.
1574 2218 1642 2247 xx.

463 2278 617 2336 Trojoe
641 2279 814 2324 ludum.
848 2276 975 2323 Vide
1008 2293 1176 2340 supra,
1205 2278 1324 2324 Coes.
1335 2313 1352 2335 ‚
1385 2295 1553 2326 xxxix.

438 2403 440 2405 ,
458 2358 785 2416 Asprenatem.
810 2357 1136 2417 Asprenatum
1150 2356 1444 2403 mentionem
1466 2356 1580 2404 facit
1594 2356 1714 2403 Plin.
1730 2393 1744 2417 ,
1766 2373 1887 2416 xxx,
1906 2373 1933 2416 7
1953 2373 1965 2403 ε
1982 2377 2003 2398 α
2021 2357 2153 2403 Con-

391 2434 558 2481 sularis
586 2436 902 2495 Asprenatum
933 2432 1106 2480 domus
1137 2442 1222 2480 est.
1242 2455 1262 2476 »

457 2524 712 2569 AEsernini.
746 2526 905 2581 Quem
941 2522 1032 2569 sibi
1056 2532 1318 2584 patronum
1339 2524 1464 2586 petit
1495 2525 1582 2571 Cn.
1615 2512 1724 2570 Piso
1757 2523 2031 2570 Germanici
2056 2539 2151 2570 σεε·

391 2601 463 2647 dis
486 2609 756 2657 accusatus,
779 2600 830 2644 in
853 2600 1030 2660 Tacit.,
1057 2604 1259 2657 Annal.,
1290 2617 1353 2647 111
1370 2635 1385 2660 ,
1414 2618 1433 2647 1
1448 2619 1488 2647 1.

464 2690 584 2734 Usus
607 2698 688 2734 est.
722 2688 800 2734 Sic
823 2688 947 2747 Dio,
978 2705 1102 2746 mn,
1136 2705 1184 2750 p.
1214 2687 1324 2736 518.

457 2769 883 2814 Senatusconsulto.
912 2767 982 2812 Cf.
1009 2769 1160 2813 Dton.
1175 2802 1189 2825 ,
1217 2783 1322 2826 mv,
1344 2783 1392 2829 p.
1426 2767 1536 2813 522.
1567 2770 1723 2827 Quem
1743 2768 1953 2814 imitatus
1975 2776 2047 2814 est
2066 2765 2149 2812 Vi-

378 2846 560 2893 .tellius.
587 2845 736 2891 Tacit.
752 2879 766 2902 ‚
805 2846 960 2903 Helva,
994 2862 1062 2903 11,
1101 2847 1164 2892 62
1204 2861 1215 2890 ε
1257 2866 1277 2887 «ι
1297 2847 1502 2892 Cautum
1524 2861 1711 2906 severe,
1743 2862 1806 2892 ne
1841 2846 2147 2907 equites⁰ro—

390 2923 520 2970 mani
544 2923 663 2969 ludo
687 2931 736 2968 et
759 2937 905 2968 arena
937 2923 1285 2983 polluerentur.
1311 2943 1333 2965 »

461 3004 689 3049 Muneris.
726 3004 910 3064 Nempe
937 3002 1226 3065 gladiatorii.
1261 3002 1388 3049 Vide
1422 3020 1594 3065 supra,
1624 3004 1744 3051 Coes.
1763 3038 1779 3060 ,
1809 3021 1857 3050 x.

459 3080 740 3126 Parthorum
763 3079 960 3125 obsides.
987 3081 1059 3125 De
1085 3079 1289 3142 quibus,
1321 3096 1492 3141 supra,
1517 3097 1557 3127 c.
1590 3097 1692 3127 xx1.

459 3159 766 3204 Invisitatum.
793 3156 902 3203 scil.
937 3166 1075 3203 antea
1101 3174 1202 3203 non
1225 3158 1394 3204 visum.
1420 3159 1523 3206 Liv.
1539 3195 1552 3217 ,
1576 3173 1715 3205 xxvn
1730 3193 1744 3217 ,
1769 3157 1834 3220 39
1852 3175 1864 3203 ε
1882 3178 1902 3199 α
1918 3155 2148 3203 Invisitati

392 3250 601 3296 namque
624 3243 766 3281 antea
793 3233 1082 3297 alienigenis.
1109 3255 1130 3275 »

465 3313 655 3373 Tigrim.
680 3311 800 3357 Plin.
819 3347 833 3369 ‚
866 3312 923 3356 H.
951 3313 1038 3366 N„
1069 3328 1192 3369 vnx,
1230 3327 1285 3370 17
1315 3329 1325 3357 ε
1359 3312 1549 3361 «Divus
1584 3315 1856 3376 Augustus,
1884 3314 1943 3368 Q.
1978 3308 2145 3355 Tube-

395 3403 535 3446 rone,
563 3388 712 3433 Fabio
746 3387 958 3440 Maximo
982 3405 1099 3433 coss.
1131 3406 1202 3447 1v‚
1228 3405 1382 3435 nonas
1409 3390 1582 3449 maias,
1615 3389 1787 3435 theatri
1814 3386 2027 3432 Marcelli
2061 3386 2153 3431 de-
