2372 3918
923 348 999 394 CL
1007 348 1254 394 AUDIUS.
1854 367 1879 396 2
1893 368 1904 395 ι
1919 351 1944 396 ὓ

230 450 546 509 conditione
574 454 871 531 cujusque:
904 452 1035 525 civi,
1062 454 1403 509 vacationem
1433 451 1565 530 legis
1591 456 1767 532 Papiae
1804 458 1945 533 Pop·

230 572 384 627 paeae3
417 554 639 626 Latino,
672 553 762 630 jus
791 554 1124 626 Quiritium3
1152 554 1393 625 seminiS,
1419 553 1511 630 jus
1543 567 1780 631 quatuor
1808 555 1943 613 libe·

228 674 415 709 rorum
438 675 450 710 :
481 674 603 731 quae
626 654 923 710 constituta
947 654 1217 732 hodieque
1241 666 1544 711 servantur.

308 756 432 810 XX.
463 756 645 833 Opera
670 774 895 833 magna,
925 756 1218 834 potiusque
1240 755 1559 828 necessaria,
1582 775 1749 832 quam
1773 755 1942 811 multa

228 854 487 931 perfecit3
529 854 624 911 sed
663 852 745 911 vel
777 856 1076 933 praecipua,
1121 877 1389 934 aquarum
1434 855 1695 928 ductum,
1738 876 1768 912 a
1813 856 1946 913 Caio

227 955 541 1012 inchoatum
568 976 581 1011 ε
614 957 774 1030 item,
803 957 1146 1014 emissarium
1169 959 1358 1014 Fucini
1394 957 1574 1028 lacuS,
1612 970 1947 1035 portumque

227 1058 548 1114 ostiensem:
578 1078 911 1136 quamquam
939 1060 1119 1131 sciret,
1139 1080 1204 1116 ex
1225 1060 1310 1116 his
1339 1058 1571 1115 alterum
1603 1058 1673 1114 ab
1696 1060 1945 1136 Augusto

227 1159 576 1235 precantibus
623 1158 837 1216 assidue
888 1161 1088 1217 Marsis
1124 1172 1409 1238 negatum,
1456 1159 1687 1215 alterum
1738 1179 1768 1214 a
1815 1156 1944 1212 divo

225 1257 372 1314 Julio
404 1260 598 1336 saepius
619 1259 976 1332 destinatum,
1005 1282 1068 1318 ac
1098 1274 1327 1340 propter
1363 1259 1742 1316 difficultatem
1780 1259 1947 1314 omis·

226 1381 363 1416 sum.
409 1359 652 1418 Claudiae
689 1383 845 1440 aquae
882 1361 1089 1441 gelidos
1127 1375 1183 1418 ct
1223 1363 1417 1418 uberes
1453 1361 1665 1432 fontes,
1707 1379 1943 1436 quorum

228 1458 387 1516 alteri
419 1461 701 1535 Caeruleo,
750 1462 910 1519 alteri
956 1464 1151 1520 Curtio
1192 1475 1248 1519 et
1289 1461 1565 1519 Albudino
1595 1481 1794 1516 nomen
1825 1471 1907 1514 est
1932 1502 1947 1529 ,

226 1559 498 1639 simulque
535 1563 715 1619 rivum
760 1565 981 1622 Anienis
1022 1565 1150 1620 novi
1197 1563 1410 1641 lapideo
1446 1582 1609 1639 opere
1647 1563 1704 1616 in
1737 1560 1943 1618 Urbem

226 1660 506 1738 perduxit,
535 1663 829 1740 divisitque
857 1666 913 1719 in
953 1663 1217 1741 plurimos
1262 1676 1316 1720 et
1351 1663 1731 1719 ornatissimos
1769 1660 1937 1716 lacus.

226 1762 493 1818 Fucinum
548 1784 835 1841 aggressus
882 1777 993 1837 est,
1053 1785 1164 1820 non
1225 1765 1407 1820 minus
1461 1761 1774 1839 compendii
1817 1781 1913 1838 spe
1934 1805 1948 1830 ‚

225 1882 387 1938 quam
419 1861 640 1939 gloriae3
673 1884 842 1940 quum
872 1864 1125 1941 quidam,
1170 1865 1385 1941 privato
1425 1875 1612 1918 sumtu
1650 1862 1945 1918 emissuros

224 1982 304 2034 se,
351 1964 828 2040 repromitterent,
872 1965 915 2020 si
963 1965 1066 2020 sibi
1107 1965 1292 2020 siccati
1332 1965 1452 2042 agri
1495 1962 1946 2019 concederentur.

222 2066 328 2119 Per
369 2065 475 2119 tria
517 2076 698 2120 autem
730 2085 988 2142 passuum
1033 2063 1230 2138 millia,
1273 2065 1473 2142 partim
1502 2063 1701 2120 effosso
1737 2075 1948 2134 monte,

226 2165 429 2242 partim
457 2165 671 2237 excise,
701 2165 944 2222 canalem
973 2164 1209 2222 absolvit
1233 2185 1405 2242 aegre,
1445 2177 1501 2221 et
1540 2176 1664 2242 post
1697 2164 1948 2219 undecim

224 2286 425 2334 annOS,
474 2267 723 2341 quamvis
769 2267 1044 2322 continuis
1095 2265 1323 2342 triginta
1381 2266 1664 2321 hominum
1712 2263 1951 2320 millibus

222 2367 339 2422 sine
365 2367 768 2423 intermissione
796 2367 1170 2443 operantibus.
1203 2370 1430 2423 Portum
1457 2367 1627 2423 Ostiae
1656 2366 1951 2431 exstruxit,

223 2465 602 2522 circumducto
634 2466 829 2523 dextra
860 2468 1189 2544 sinistraque
1219 2467 1474 2539 bracl1i0,
1499 2479 1554 2522 et
1573 2465 1643 2522 ad
1663 2467 1949 2521 introitum

226 2566 501 2643 profundo
543 2568 657 2644 jam
700 2566 817 2623 solo
860 2566 1004 2623 mole
1057 2569 1300 2644 objecta:
1333 2588 1498 2644 quam
1546 2587 1659 2643 quo
1705 2565 1951 2622 stabilius

227 2666 506 2737 fundaret,
541 2688 732 2723 navem
771 2681 897 2724 ante
929 2667 1219 2741 demersit,
1265 2689 1372 2745 qua
1411 2688 1643 2745 magnus
1678 2665 1951 2723 obeliscus

224 2789 287 2823 cx
319 2770 555 2845 AEgypto
584 2768 762 2825 fuerat
793 2768 1078 2838 advectus,
1114 2771 1492 2847 congestisque
1528 2768 1651 2846 pilis
1686 2789 1953 2845 superpo-

225 2869 334 2924 suit
359 2867 676 2924 altissimam
717 2870 913 2925 turrim
949 2872 1003 2925 iu
1032 2869 1343 2947 exemplum
1386 2869 1724 2925 alexandrini
1760 2869 1951 2938 Phari,

225 2982 284 3033 ut
309 2969 377 3024 ad
405 2981 704 3025 nocturnos
734 2970 884 3047 ignes
919 2990 1140 3026 cursum
1174 2970 1390 3048 navigia
1417 2969 1736 3048 dirigerent.

304 3072 456 3127 XXI.
502 3070 800 3148 Congiaria
834 3070 1040 3149 populo
1066 3072 1260 3148 saepius
1291 3070 1590 3127 distribuit.
1629 3069 1950 3147 Spectacula

227 3192 447 3247 quoque
466 3170 748 3248 complura
771 3184 825 3228 et
852 3173 1139 3251 magnifica
1167 3171 1366 3245 edidit,
1405 3193 1510 3228 non
1534 3173 1733 3228 usitata
1756 3171 1948 3241 modo,

228 3293 290 3327 ac
333 3271 504 3328 solitis
542 3271 705 3344 lociS‚
749 3273 841 3328 sed
882 3286 934 3329 ct
979 3275 1381 3344 commentitia,
1429 3285 1480 3329 ct
1521 3293 1583 3328 ex
1623 3272 1953 3348 antiquitate

230 3373 488 3448 repetita,
530 3385 581 3428 et
618 3373 707 3429 ubi
745 3386 1003 3450 praeterea
1043 3396 1201 3432 ncmo
1240 3387 1368 3432 autc
1408 3395 1549 3430 uum.
1587 3368 1771 3430 Ludos
1802 3372 1948 3430 dedi-
