2372 3918
384 231 445 279 82
1032 233 1078 277 C.
1115 233 1399 280 SUETONII

462 339 711 396 XLVIII.
761 340 1109 413 Regnorum,
1154 337 1349 414 quibus
1393 334 1518 391 belli
1553 335 1675 412 jure
1718 334 1922 410 potitus
1964 348 2074 405 cst,

386 450 581 516 praeter
614 458 812 515 pauca,
848 449 942 493 aut
979 427 1202 510 iisdem,
1240 437 1437 513 quibus
1477 435 1781 507 ademerat,
1815 433 2075 505 reddidit,

384 549 478 594 aut
494 536 808 615 alienigenis
822 536 1134 592 contribuit.
1159 539 1333 613 Reges
1355 537 1530 592 socios
1547 536 1710 591 etiam
1736 535 1876 589 inter
1892 547 2079 590 semet-

385 639 532 715 ipsos
555 635 1043 694 necessitudinibus
1064 636 1267 692 mutuis
1283 636 1490 712 junxit,
1514 636 1950 713 promptissimus
1972 635 2081 690 assi-

385 737 568 792 nitatis
590 736 853 813 cujusque
876 747 1038 810 atque
1065 735 1315 791 amicitiae
1335 734 1652 792 conciliator
1672 747 1725 791 et
1751 734 1958 804 fautor3
1984 754 2083 789 nec

381 834 539 892 aliter
567 835 873 904 univers05,
899 854 1063 909 quam
1090 833 1334 889 membra
1355 846 1643 910 partesque
1673 835 1911 910 imperii,
1940 854 2083 888 curae

381 934 596 1003 habuit,
627 944 893 989 rectorem
928 953 1148 1009 quoque
1176 933 1366 989 solitus
1405 953 1680 1009 apponere
1714 944 1871 988 aetate
1906 933 2085 1009 parvis

381 1054 445 1088 ac
477 1043 658 1089 mente
688 1031 876 1110 lapsis,
911 1032 1084 1088 donec
1111 1031 1505 1105 adolescerent,
1541 1043 1635 1088 aut
1665 1032 2041 1108 resipiscerent
2072 1053 2083 1086 :

381 1154 444 1190 ac
483 1131 847 1210 plurimorum
887 1130 1086 1188 liberos
1125 1144 1179 1188 et
1220 1132 1470 1189 educavit
1509 1131 1668 1188 simul
1712 1152 1840 1187 cum
1882 1132 1991 1187 suis
2034 1143 2086 1186 et

383 1233 636 1289 instituit.
656 1275 663 1279 .
1301 1231 1304 1233 ’
1533 1305 1539 1311 ³

459 1335 659 1389 XLIX.
705 1335 787 1388 Ex
821 1330 1148 1390 militaribus
1181 1333 1351 1410 copiis
1383 1330 1623 1409 legiones
1650 1343 1704 1387 et
1730 1329 1931 1386 auxilia
1963 1351 2089 1407 pro-

379 1432 658 1489 vinciatim
705 1431 982 1487 distribuit
1029 1454 1042 1487 ε
1091 1431 1315 1488 classem
1360 1431 1561 1487 Miseni
1608 1442 1663 1486 et
1712 1429 1938 1486 alteram
1984 1434 2090 1486 Ra-

380 1553 599 1602 vennae,
638 1530 708 1587 ad
754 1530 979 1587 tutelam
1021 1532 1205 1609 superi
1248 1543 1304 1587 et
1342 1531 1501 1588 inferi
1539 1531 1736 1603 mariS,
1782 1529 2087 1587 collocavit.

380 1635 607 1689 Certum
634 1652 926 1687 numerum
954 1632 1154 1707 partim
1182 1632 1238 1686 in
1264 1631 1460 1701 Urbis,
1488 1631 1683 1706 partim
1715 1631 1771 1685 in
1798 1630 1881 1687 sui
1912 1642 2094 1687 custo-

380 1732 527 1788 diam
573 1730 789 1808 allegit,
833 1730 1055 1787 dimissa
1101 1728 1662 1808 Calagurritanorum·
1687 1751 1885 1803 mann,
1927 1752 2092 1807 quam

381 1853 555 1908 usque
576 1831 646 1902 ad
669 1831 943 1886 devictum
970 1832 1303 1903 Antonium,
1324 1831 1454 1887 item
1477 1832 1906 1902 Germanorum,
1928 1851 2093 1907 quam

381 1950 554 2007 usque
593 1929 663 1986 ad
705 1928 914 1985 cladem
954 1930 1280 2003 Varianam,
1322 1931 1467 1986 inter
1509 1931 1807 2008 armigeros
1850 1931 1994 1986 circa
2037 1952 2093 1986 se

380 2030 660 2086 habuerat.
703 2030 895 2106 Neque
931 2041 1113 2085 tamen
1149 2050 1392 2106 unquam
1431 2029 1614 2107 plures
1648 2051 1815 2106 quam
1852 2042 1961 2086 tres
2002 2051 2095 2086 co-

381 2130 565 2185 hortes
614 2129 672 2185 in
718 2131 870 2186 Urbe
915 2150 1029 2186 esse
1074 2150 1261 2207 passus
1302 2142 1416 2201 est,
1460 2149 1658 2205 easque
1701 2130 1817 2186 sine
1861 2130 2093 2185 castris:

380 2228 617 2306 reliquas
643 2230 699 2285 in
724 2230 953 2285 hiberna
980 2242 1034 2285 et
1060 2230 1241 2286 aestiva
1265 2230 1408 2285 circa
1432 2228 1663 2285 finitima
1686 2228 1890 2306 oppida
1915 2229 2097 2286 dimit-

381 2341 495 2386 tere
521 2342 780 2386 assuerat.
810 2330 1093 2406 Quicquid
1121 2343 1304 2386 autem
1332 2330 1537 2406 ubique
1564 2328 1801 2385 militum
1827 2341 1997 2399 esset,
2027 2328 2097 2385 ad

382 2442 586 2486 certam
605 2429 1001 2506 stipendiorum
1026 2430 1484 2507 praemiorumque
1508 2427 1798 2483 formulam
1818 2429 2096 2499 astrinxit,

380 2529 618 2586 definitis
658 2551 759 2606 pro
796 2528 972 2606 gradu
1007 2530 1270 2605 cujusque
1306 2540 1360 2583 et
1395 2529 1731 2604 temporibus
1767 2527 2006 2601 militiae,
2043 2541 2099 2584 et

381 2627 680 2685 commodis
709 2629 1057 2701 missionum,
1087 2649 1155 2683 ne
1182 2640 1279 2684 aut
1302 2639 1459 2684 aetate
1486 2640 1584 2684 aut
1610 2628 1794 2705 inopia
1823 2639 1948 2704 post
1973 2629 2100 2684 mis·

381 2729 589 2784 sionem
620 2726 899 2784 sollicitari
933 2728 1003 2785 ad
1030 2748 1114 2785 res
1146 2710 1314 2785 novas
1343 2740 1581 2805 possent.
1613 2730 1801 2805 thue
1831 2739 2098 2805 perpetuo

382 2849 446 2884 ac
481 2829 596 2884 sine
630 2827 952 2884 difficultate
989 2839 1236 2905 sumptus
1270 2827 1340 2884 ad
1375 2827 1608 2884 tuendos
1637 2849 1728 2884 eos
1760 2848 2094 2905 prosequen-

382 2927 590 3005 dosque
630 2941 971 3006 suppeteret,
1010 2929 1262 2985 aerarium
1303 2927 1536 2985 militare
1574 2949 1700 2984 cum
1739 2927 2096 3005 vectigalibus

383 3029 537 3086 novis
559 3029 812 3085 instituit.
837 3032 907 3085 Et
931 3050 1041 3106 quo
1064 3027 1291 3095 celerius
1314 3049 1377 3084 ac
1399 3028 1502 3084 sub
1523 3048 1747 3083 manum
1770 3028 2095 3084 annunciari

382 3129 745 3206 cognoscique
768 3141 971 3207 posset,
996 3128 1129 3206 quid
1154 3130 1210 3184 in
1236 3130 1517 3205 provincia
1542 3149 1761 3206 quaque
1783 3139 2096 3204 gereretur,

379 3216 604 3301 juvenes
649 3216 827 3305 primo
873 3227 1101 3284 modicis
1150 3226 1450 3283 intervallis
1492 3249 1591 3304 per
1642 3225 1902 3283 militares
1947 3227 2095 3301 viaS,
