2372 3918
296 227 386 280 ¹4¹2
962 230 1012 274 (Σ.
1048 228 1337 274 SUETONII

294 328 490 388 Flacco
516 339 570 383 et
600 331 661 385 L.
692 330 891 387 Pisone
926 344 1141 389 noctem
1175 331 1603 407 continuumque
1629 328 1854 385 biduum
1881 348 2005 407 epu‘

295 426 459 483 lando
484 428 838 508 potandoque
858 432 1188 488 consumsit:
1214 450 1448 508 quorum
1472 427 1627 486 alteri
1653 428 1864 505 Syriam
1886 449 2006 505 pro-

294 528 555 600 vinciam,
583 526 741 586 alteri
773 530 1152 607 praefecturam
1174 530 1327 587 urbis
1353 529 1635 586 confestim
1663 525 1858 584 detulit
1881 548 1894 583 ι
1924 547 2007 584 co·

295 624 494 684 dicillis
515 649 733 705 quoque
759 627 1220 705 «jucundissimos
1247 640 1303 684 et
1324 629 1569 685 omnium
1591 628 1853 684 horarum
1881 628 2009 682 ami-

296 745 388 781 cos
407 749 435 779 ι)
464 727 754 804 professus.
787 728 961 784 Sestio
986 725 1177 800 Gallo,
1207 726 1497 784 libidinoso
1525 748 1588 783 ac
1610 726 1841 804 prodigo
1866 725 2008 797 seni,

298 821 432 881 olim
460 825 530 881 ab
557 827 803 903 Augusto
833 826 1130 904 ignominia
1159 838 1369 899 notat0,
1408 838 1463 882 et
1492 847 1525 882 a
1557 846 1615 882 se
1649 838 1775 881 ante
1807 844 2010 902 paucos

301 923 418 980 dies
454 923 599 1001 apud
633 936 882 982 senatum
916 927 1182 1004 increpito
1203 969 1218 998 ,
1256 946 1464 982 coenam
1501 946 1566 981 ea
1595 924 1716 1003 lege
1745 924 2010 996 condixit,

302 1043 372 1078 ne
401 1022 534 1099 quid
561 1044 628 1079 ex
653 1024 1048 1081 consuetudine
1074 1026 1411 1095 immutaret,
1434 1036 1529 1082 aut
1555 1025 1821 1097 demeret,
1841 1036 2013 1100 utque

303 1121 463 1178 nudis
509 1121 704 1199 puellis
751 1124 1184 1189 ministrantibus
1234 1135 1556 1181 coenaretur.
1604 1123 2012 1202 Ignotissimum

304 1232 585 1296 quaesturae
612 1221 962 1279 candidatum
984 1223 1331 1280 nobilissimis
1351 1223 1685 1300 anteposuit,
1702 1222 1773 1278 ob
1797 1234 2014 1298 epotam

302 1319 360 1374 in
388 1321 667 1393 convivi0,
694 1323 1020 1399 propinante
1048 1342 1106 1378 se
1124 1365 1141 1392 ,
1174 1323 1288 1378 vini
1315 1323 1654 1398 amphoram.
1686 1319 1892 1377 Asellio
1922 1322 2018 1376 Sa-

303 1418 435 1475 bino
456 1421 703 1476 sestertia
719 1420 955 1476 ducenta
972 1420 1194 1477 donavit
1214 1441 1316 1498 pro
1343 1419 1587 1498 dialog0,
1616 1421 1673 1475 in
1696 1440 1805 1496 quo
1825 1417 2018 1489 boleti,

305 1530 363 1574 et
391 1518 635 1575 ficedulae
655 1562 670 1590 ,
686 1531 753 1589 ‚et
786 1532 1000 1593 ostreae,
1027 1532 1082 1576 et
1111 1520 1257 1576 turdi
1282 1533 1560 1577 certamen
1585 1518 1890 1575 induxerat.
1912 1520 2022 1575 No·

306 1638 443 1673 vum
468 1617 702 1695 denique
726 1619 969 1676 officium
991 1620 1223 1676 instituit
1247 1640 1278 1675 a
1305 1618 1701 1697 voluptatibuS,
1729 1619 2019 1696 praeposito

307 1717 491 1792 equite
523 1738 781 1788 roman0,
808 1721 870 1774 T.
909 1720 1155 1776 Caesonio
1181 1719 1385 1774 Prisca

384 1817 583 1872 XLIII.
615 1818 838 1873 Secessu
870 1838 1003 1874 vero
1033 1819 1328 1895 Capreensi
1365 1820 1529 1874 etiam
1563 1817 1834 1874 sellariam
1863 1838 2022 1874 exco-

309 1917 535 1994 gitavit,
565 1913 749 1974 sedem
779 1937 1100 1974 arcanarum
1131 1916 1419 1974 libidinum
1447 1939 1460 1974 :
1492 1920 1549 1975 in
1580 1938 1744 1994 quam
1779 1918 2023 1994 undique

307 2007 598 2092 conquisiti
632 2015 940 2095 puellarum
975 2029 1029 2074 et
1064 2017 1401 2074 exoletorum
1446 2037 1669 2095 greges,
1705 2017 2024 2074 monstrosi-

307 2135 414 2191 que
443 2117 764 2182 concubitus
787 2130 1117 2195 repertoreS,
1138 2138 1274 2193 quos
1293 2118 1556 2197 spintn'as
1581 2116 1912 2194 appellabat,
1937 2118 2027 2172 tri-

306 2214 437 2291 plici
470 2217 609 2272 serie
645 2219 902 2288 connexi,
939 2219 1174 2274 invicem
1202 2218 1531 2274 incestarent
1562 2238 1618 2273 se
1651 2237 1835 2273 coram
1870 2217 1987 2293 ipso
2009 2259 2025 2288 ,

308 2326 371 2370 ut
399 2328 622 2393 aspectu
656 2316 972 2375 deficientes
1008 2318 1260 2376 libidines
1291 2319 1568 2376 excitaret.
1603 2316 1870 2375 Cubicula
1908 2315 2028 2395 plu-

309 2414 552 2471 rifariam
580 2416 843 2494 disposita
871 2416 1086 2474 tabellis
1113 2440 1176 2475 ac
1204 2418 1393 2496 sigillis
1423 2418 1899 2474 lascivissimarum
1922 2418 2030 2494 pic-

310 2525 560 2570 turarum
588 2527 642 2571 et
676 2516 977 2593 figurarum
1013 2517 1330 2586 adornavit,
1359 2516 1621 2593 librisque
1652 2515 2028 2594 Elephantidis

311 2611 599 2684 instruxit,
644 2634 714 2668 ne
745 2615 833 2669 cui
875 2615 933 2670 in
967 2635 1135 2693 opera
1182 2615 1391 2672 edenda
1436 2615 1713 2693 exemplar
1754 2618 2030 2694 imperatae

311 2709 546 2766 schemae
577 2710 802 2767 deesset.
842 2716 908 2769 In
942 2713 1090 2771 silvis
1125 2735 1344 2792 quoque
1381 2736 1445 2771 ac
1482 2716 1796 2772 nemoribus
1829 2717 2027 2793 passim

311 2811 592 2866 Venereos
624 2809 773 2867 locos
803 2826 1141 2870 commentus
1170 2827 1282 2887 est,
1311 2826 1726 2891 prostantesque
1753 2836 1852 2891 per
1875 2827 2031 2870 antra

311 2921 368 2965 et
397 2929 556 2965 cavas
586 2930 749 2989 rupes
766 2955 781 2985 ,
815 2933 882 2968 ex
909 2914 1193 2990 utriusque
1214 2934 1371 2969 sexus
1398 2914 1569 2990 pube,
1592 2915 1949 2971 Paniscorum
1977 2925 2032 2968 et

300 2999 696 3087 'Nympharum
726 3012 951 3069 habitu:
983 3012 1272 3090 palamque
1295 3013 1409 3089 jam
1437 3025 1491 3068 et
1516 3011 1682 3091 vulgo
1710 3014 1933 3069 nomine
1958 3012 2033 3067 in-

315 3106 445 3164 sulae
473 3110 784 3183 abutentes,
825 3113 1155 3191 Caprineum
1185 3110 1522 3168 dictitabant.

395 3210 594 3265 XLIV.
632 3211 845 3286 Majore
893 3210 1072 3266 adhuc
1109 3221 1165 3265 et
1203 3212 1448 3287 turpiore
1485 3211 1708 3267 infamia
1751 3209 2032 3286 flagravit,
