2372 3918
742 308 808 353 IN
844 306 981 352 OCT.
1020 303 1391 350 AUGUSTUM.
1852 302 1904 347 16
1918 318 1932 347 ι

265 408 597 453 Reddere-ntur.
625 402 890 451 sacrificale
926 400 1043 445 illud
1079 400 1293 444 verbum.
1336 398 1412 443 Sic
1456 396 1608 459 Virg.,
1651 399 1842 457 Geor-g„
1871 415 1940 456 u,

207 490 294 544 ¹94
317 501 327 528 ε

376 611 572 653 Lancibus
595 618 634 658 et
658 607 800 663 pandis
825 604 1018 646 fumantia
1045 603 1248 644 wddimus
1272 610 1376 642 exta.

199 730 295 777 Ubi
320 729 510 776 Servius
546 744 557 773 ι
591 748 611 769 α
635 725 836 787 Proprie
862 722 1161 769 sacerdotum
1189 720 1340 765 verbo
1366 735 1478 765 usus
1515 728 1607 779 est;
1647 721 1787 766 reddi
1820 722 1944 767 enim

200 815 307 852 exta
332 806 627 862 dicebantur,
652 818 802 864 quum
824 800 1052 862 probata,
1077 807 1123 844 et
1139 796 1296 855 elixa,
1322 798 1900 858 arae·superponebantur.
1925 818 1946 840 ι

267 883 510 945 Reliquiae.
538 882 651 927 Non
673 888 783 926 sunt
813 886 1059 934 extorum,
1083 875 1167 922 sed
1191 889 1353 920 carnes
1375 872 1575 919 victimae
1605 874 1798 936 reliquae
1821 877 1947 936 prae-

199 969 417 1015 tervexta.

266 1037 378 1084 Cu.
402 1037 463 1083 Π.
489 1037 549 1081 D.
574 1026 768 1080 Iulium.
791 1033 892 1079 Hos
918 1030 1115 1078 adscivit
1140 1031 1292 1077 Caesar
1313 1029 1418 1091 lege
1440 1028 1612 1076 Cassia.
1643 1030 1767 1076 Vide
1794 1030 1912 1076 Caes.
1928 1064 1944 1086 ‚

200 1130 305 1176 cap.
329 1130 430 1161 xm.

270 1190 572 1250 Quoestorius.
597 1189 657 1235 H.
683 1204 723 1234 e.
753 1195 990 1249 quaestura
1017 1187 1223 1232 functus.

263 1268 459 1314 AEmilio
490 1269 644 1329 Papo.
670 1266 792 1324 Qui,
818 1273 935 1312 teste
959 1265 1086 1321 Liv.‚
1109 1268 1300 1322 x‘xvn1‚
1328 1262 1412 1322 38,
1438 1273 1618 1324 praetor
1641 1265 1733 1310 fuit
1756 1264 1949 1323 Siciliae,

199 1346 249 1390 P.
267 1343 492 1406 Scipione
522 1343 749 1390 Africano
771 1351 819 1388 et
840 1345 890 1389 P.
919 1341 1106 1388 Licinio
1138 1342 1305 1386 Crasso
1338 1356 1483 1399 coss.‚
1507 1344 1565 1388 Α.
1590 1344 1648 1388 U.
1679 1340 1788 1397 548.

267 1422 572 1485 Magisterick.
610 1421 672 1467 Hi
701 1419 1011 1481 municipales
1047 1418 1347 1480 magistratus
1390 1420 1520 1480 apud
1551 1422 1795 1465 Romanos
1830 1435 1952 1465 con-

202 1499 427 1562 temptui;
462 1499 574 1546 inde
599 1498 733 1560 apud
762 1498 860 1544 Cic.
879 1514 976 1561 pro
1003 1497 1190 1551 Sextio,
1218 1512 1311 1542 va
1339 1513 1350 1541 ε
1377 1518 1397 1538 α
1427 1497 1656 1543 Homines
1678 1499 1951 1559 municipa-

200 1580 269 1624 les
300 1587 347 1624 et
368 1576 607 1625 rusticani.
626 1597 646 1619 »

267 1656 444 1717 Scribit.
470 1657 527 1701 In
555 1654 687 1701 libris
711 1654 771 1701 de
787 1653 886 1702 vita
909 1669 994 1701 sua
1019 1670 1031 1699 ε
1055 1653 1167 1701 vide
1197 1671 1298 1717 cap.
1330 1671 1500 1701 Lxxxv.

268 1733 339 1779 M.
365 1734 608 1779 Antonius.
642 1734 699 1778 In
731 1731 969 1792 epistolis,
999 1731 1059 1777 de
1091 1732 1269 1793 quibus
1292 1732 1465 1791 Tacit.‚
1490 1734 1694 1787 AnnaL,
1732 1748 1808 1790 xv,
1846 1733 1903 1785 34
1942 1749 1953 1777 :

202 1830 222 1850 «
238 1809 440 1858 Antonii
477 1801 686 1870 epistolae
721 1809 835 1855 falsa
859 1808 1055 1870 quidem
1085 1808 1137 1854 in
1163 1811 1429 1871 Augustum
1457 1809 1637 1870 probra
1653 1844 1665 1866 ,
1699 1809 1782 1853 sed
1807 1810 1955 1854 multa

202 1902 310 1931 cum
340 1885 597 1932 acerbitate
618 1885 810 1933 habent.
832 1906 851 1927 u

270 1965 383 2011 Cu.
416 1965 503 2010 ῙΠ.
535 1964 784 2009 Βίνιζςονεε.
815 1963 936 2023 Qui,
964 1962 1016 2008 in
1044 1979 1214 2024 campo
1237 1964 1437 2022 Martio,
1461 1963 1711 2025 pecuniam
1737 1962 1957 2007 tribubus

202 2041 394 2088 nomine
411 2041 784 2088 ¹candidatorum
814 2040 1108 2089 dividebant.
1140 2042 1333 2100 Rosin.,
1360 2045 1467 2088 Ant.
1495 2058 1611 2088 rom.
1628 2075 1643 2097 ,
1676 2057 1782 2098 vu,
1808 2041 1849 2087 8.

279 2120 553 2183 operasque
576 2129 876 2181 campestre&
911 2118 989 2166 Sic
1014 2120 1339 2178 vocabantur,
1377 2120 1462 2181 qui
1497 2135 1690 2181 operam
1732 2134 1863 2164 suam
1909 2118 1959 2163 in

207 2212 375 2258 campo
405 2196 583 2242 Martio
618 2195 881 2242 candidatis
903 2196 1191 2257 praestabant
1206 2232 1219 2255 ,
1254 2206 1300 2243 et
1336 2213 1426 2257 pro
1467 2197 1555 2242 illis
1592 2196 1875 2242 laborabant
1898 2195 1960 2241 ad

208 2274 528 2335 comparanda
549 2275 624 2319 vel
648 2274 847 2320 emenda
875 2273 1116 2335 suffragia.

277 2353 484 2398 Sortitus.
502 2350 735 2410 Velleius,
767 2367 808 2396 11
824 2387 837 2410 ‚
865 2349 926 2412 59
952 2367 963 2396 :
989 2370 1008 2391 α
1033 2350 1124 2396 Hic
1146 2361 1323 2412 praetor
1344 2344 1470 2398 inter
1491 2352 1810 2397 nobilissimos
1831 2351 1960 2396 viros

210 2437 396 2475 creatus
425 2427 582 2490 primo
611 2430 746 2485 loco,
779 2444 929 2489 quum
957 2426 1001 2473 ei
1025 2427 1241 2489 dignatio
1270 2429 1396 2475 Julia
1421 2429 1628 2491 genitam
1652 2428 1807 2474 Atiam
1837 2444 1958 2473 con-

208 2505 407 2553 ciliasset
440 2522 665 2564 uxorem,
682 2522 811 2552 exeo
835 2505 1021 2552 honore
1052 2504 1248 2552 sortitus
1282 2506 1615 2553 Macedoniam
1632 2540 1645 2563 ,
1670 2507 1961 2567 appellatus-

211 2599 308 2645 que
330 2582 382 2629 in
416 2599 470 2629 ea
497 2583 779 2645 imperator,
815 2582 1050 2630 decedens
1084 2580 1146 2627 ad
1179 2583 1463 2643 petitionem
1503 2585 1776 2629 consulatus
1810 2582 1959 2642 obiit,

211 2669 490 2721 praetextato
515 2660 681 2707 relicto
702 2659 815 2706 filio.
843 2681 862 2701 n
926 2663 929 2669 ‘

280 2738 439 2783 Extra
462 2738 687 2783 ordinem.
725 2736 980 2783 Ordinaria
1014 2738 1138 2783 enim
1162 2738 1411 2799 provincia
1441 2737 1627 2784 Octavii
1662 2746 1761 2782 erat
1793 2739 1959 2782 Mace-

212 2814 355 2860 donia
382 2832 392 2860 :
424 2814 653 2875 injectum
677 2824 745 2860 est
776 2814 820 2860 ei
843 2814 938 2861 hoc
962 2816 1095 2861 velut
1126 2817 1559 2861 extraordinarium
1574 2850 1587 2870 ,
1614 2826 1668 2868 ut
1692 2815 1816 2860 inter
1841 2830 1962 2861 eun-

213 2891 330 2938 dum
347 2891 398 2938 in
420 2891 714 2954 provinciam
737 2891 961 2954 fugitivos
977 2893 1259 2956 extirparet3
1283 2893 1348 2939 ita
1368 2894 1527 2953 jussus
1541 2929 1553 2951 ,
1579 2901 1700 2938 auct.
1720 2893 1788 2938 Cl.
1806 2894 1960 2946 Hase,

213 2985 239 3014 a
262 2978 453 3027 senatu,
474 2985 535 3015 ne
566 2968 710 3015 alium
741 2968 998 3015 exercitum
1020 2969 1145 3016 mitti
1166 2986 1356 3016 necesse
1389 2970 1526 3016 foret.

284 3046 458 3093 Bessis.
492 3046 603 3092 Haec
630 3054 729 3092 erat
760 3045 969 3092 Thraciae
1003 3045 1134 3092 natio
1171 3047 1233 3094 ad
1255 3055 1469 3093 montem
1504 3046 1730 3092 Haemum.
1766 3046 1933 3092 Cellar.
1950 3079 1963 3103 ,

224 3123 366 3186 Geog.
392 3133 517 3180 ant„
548 3140 590 3170 11
608 3159 621 3183 ,
652 3121 722 3171 15.

287 3201 539 3260 Epistolae.
570 3201 641 3247 Ad
674 3203 827 3260 (heim.
838 3201 966 3260 frat.
986 3237 1000 3259 ‚
1040 3219 1083 3261 1,
1117 3220 1135 3248 ῐ
1154 3238 1167 3261 ,
1199 3220 1239 3261 7.

286 3277 431 3322 Asioe.
464 3277 623 3325 Asiam
646 3278 838 3325 sortitus
862 3289 961 3326 erat
985 3282 1041 3339 Q.
1073 3280 1240 3328 Cicero
1257 3313 1270 3336 ,
1296 3280 1362 3324 M.
1389 3277 1605 3340 Pupione
1637 3286 1683 3323 et
1710 3277 1776 3323 M.
1813 3276 1959 3323 Vale-

211 3354 328 3399 lerio
358 3357 555 3402 Messala
587 3372 715 3402 coss.

428 3476 482 3514 Η.
1692 3462 1743 3496 ΙΙ
