2372 3918
372 238 429 286 18
1021 234 1070 280 C.
1097 233 1384 283 SUETONH

367 348 510 413 erat,
537 338 759 417 paulum
785 337 1051 410 constitit,
1081 357 1143 393 ac
1171 346 1427 412 reputans
1455 344 1718 410 quantum
1750 328 2057 391 moliretur.

369 458 661 497 conversus
700 436 769 494 ad
802 437 1076 514 proximos
1095 477 1110 507 ‚
1146 437 1334 491 Etiam
1375 452 1522 490 nunc
1540 474 1556 500 ,
1599 430 1776 506 inquit
1794 470 1810 500 ,
1853 427 2064 505 regredi

360 556 654 608 possumus
687 558 703 592 .·
747 535 899 613 quod
943 535 994 590 si
1024 532 1370 612 ponticulum
1417 531 1791 587 transierimus
1808 570 1824 598 ‚
1877 524 2061 582 omnia

369 637 541 693 armis
567 633 785 713 agenda
809 644 980 690 erunt.

444 735 677 790 XXXII.
719 730 1014 788 Cunctanti
1038 740 1310 784 ostentum
1333 727 1439 784 tale
1465 727 1670 784 factum
1699 739 1794 783 est.
1820 724 2057 798 Quidam

371 833 568 889 eximia
590 829 962 908 magnitudine
982 840 1036 884 et
1055 828 1228 883 forma
1253 827 1310 881 in
1338 827 1587 902 proximo
1611 825 1823 896 sedens,
1842 836 2065 900 repente

371 932 650 1008 apparuit,
682 928 946 986 arundine
976 947 1176 987 canens
1206 947 1218 982 :
1249 919 1318 981 ad
1345 945 1508 1002 quem
1539 924 1867 981 audiendum
1896 944 2062 999 quum

371 1041 566 1106 praeter
611 1039 883 1105 pastoreS,
929 1025 1151 1103 plurimi
1196 1025 1357 1081 etiam
1400 1044 1466 1079 ex
1511 1023 1830 1079 stationibus
1866 1021 2065 1077 milites

372 1127 796 1198 concurrissent,
830 1126 1078 1201 interque
1106 1144 1196 1180 eos
1229 1135 1284 1179 et
1317 1134 1640 1192 aeneatorae,
1673 1132 1829 1197 rapta
1858 1120 1924 1175 ab
1954 1139 2066 1174 uno

374 1227 504 1282 tuba
545 1223 795 1303 prosiluit
836 1224 906 1280 ad
950 1223 1150 1280 flumen
1171 1265 1187 1295 ‚
1222 1234 1275 1278 et
1310 1221 1520 1298 ingenti
1555 1221 1746 1297 spiritu
1785 1218 2067 1275 classicum

374 1344 619 1395 exorsu8,
639 1322 913 1401 pertendit
932 1323 1001 1378 ad
1020 1322 1244 1378 alteram
1262 1322 1452 1399 ripam.
1470 1322 1624 1375 Tunc
1645 1321 1842 1390 Caesar,
1861 1321 1917 1374 E
1918 1329 2065 1387 atur,

374 1423 578 1499 inquit,
627 1442 735 1500 qao
785 1422 1007 1481 deorum
1059 1431 1273 1478 ostenta
1321 1431 1371 1474 et
1422 1420 1759 1476 inimicorum
1812 1416 2071 1494 iniquitas

375 1533 555 1578 vocat.
584 1525 741 1578 ,laeta
769 1521 889 1577 alea
916 1531 1044 1576 esto.

454 1622 715 1691 XXXIII.
757 1622 935 1694 Atque
963 1620 1038 1673 ita
1067 1618 1290 1693 trajecto
1318 1619 1582 1687 exercitu,
1612 1616 1864 1671 adhibitis
1898 1615 2073 1672 tribu-

378 1719 464 1774 nis
493 1717 693 1794 plebis,
724 1718 818 1793 qui
835 1715 990 1794 ‘pulsi
1018 1728 1466 1794 supervenerant,
1495 1736 1596 1792 pro
1625 1716 1883 1770 concione
1911 1714 2073 1770 fidem

378 1815 616 1873 militum
637 1858 652 1888 ,
686 1815 820 1871 flens
843 1858 858 1887 ,
892 1835 954 1870 ac
988 1826 1136 1870 veste
1172 1834 1203 1869 a
1240 1825 1460 1890 pectore
1498 1801 1746 1883 discissa,
1781 1814 2070 1868 invocavit.

377 1915 731 1978 Existimatur
771 1912 931 1968 etiam
970 1924 1241 1988 equestres
1279 1932 1469 1968 census
1498 1909 1771 1989 pollicitus
1804 1909 2029 1987 singulis
2058 1931 2072 1965 :

380 2013 528 2091 quod
562 2013 756 2070 accidit
791 2013 1046 2091 opinione
1083 2012 1231 2069 falsa.
1267 2014 1409 2069 Nam
1449 2032 1618 2089 quum
1654 2014 1711 2066 in
1750 2009 2075 2087 alloquendo

379 2112 822 2189 exhortandoque
866 2114 1058 2190 saepius
1106 2112 1335 2190 digitum
1381 2111 1524 2168 laevae
1566 2131 1758 2166 manus
1803 2122 2077 2165 ostentans

381 2209 673 2267 affirmaret
691 2254 706 2284 ,
759 2231 815 2267 se
841 2211 928 2266 ‘ad
977 2210 1413 2266 satisfaciendum
1463 2210 1746 2280 omnibuS,
1794 2230 1893 2286 per
1942 2229 2077 2285 quos

381 2308 701 2386 dignitatem
721 2330 874 2365 suam
893 2309 1209 2365 defensurus
1226 2320 1389 2380 esset,
1408 2306 1674 2364 annulum
1691 2327 1909 2383 quoque
1923 2322 2078 2382 oequo
2137 2321 2140 2324 ⁴

381 2408 564 2462 animo
606 2407 975 2464 detracturum
1020 2387 1171 2478 sibi}
1198 2420 1438 2464 extrema
1479 2408 1702 2476 conci0,
1741 2407 1829 2461 cui
1870 2405 2079 2461 facilius

381 2517 495 2562 erat
522 2505 704 2562 videre
732 2508 1168 2576 concionantem,
1199 2526 1362 2582 quam
1392 2505 1732 2581 audire„pro
1762 2504 1906 2559 dicto
1934 2524 2082 2560 acce-

382 2604 487 2681 pit,
516 2604 664 2680 quod
687 2605 808 2660 visu
835 2605 1207 2682 suspicabatur
1232 2626 1245 2660 :
1276 2605 1712 2682 promissumque
1735 2604 1824 2678 jus
1849 2601 2081 2677 annulo·-

382 2722 505 2758 rum
533 2723 660 2758 cum
687 2702 925 2759 millibus
954 2702 1368 2781 quadringenis,
1396 2702 1539 2758 fama
1571 2700 1797 2756 distulit.

459 2796 717 2859 XXXIV.
766 2802 920 2859 Ordo
950 2814 1004 2858 et
1034 2823 1242 2858 summa
1270 2823 1481 2872 rerum,
1515 2821 1649 2877 quas
1678 2799 1932 2876 deinceps
1963 2819 2081 2876 ges-

385 2901 481 2973 sit,
515 2901 591 2956 sic
618 2921 674 2956 se
706 2901 925 2957 habent.
955 2902 1242 2975 Picenum,
1268 2901 1583 2970 Umbriam,
1615 2899 1895 2954 Etruriam
1924 2919 2083 2954 occu·

384 2999 534 3076 pavit
565 3019 579 3054 ε
611 3011 667 3056 et
702 3001 765 3055 L.
798 3001 1074 3072 Domitio,
1113 3002 1208 3076 qui
1240 3020 1349 3075 'per
1387 2997 1685 3054 tumultum
1721 3017 1999 3053 successor
2033 2997 2082 3052 ei

383 3098 692 3154 nominatus
711 3141 726 3167 ,
760 3098 1064 3163 Corfinium
1093 3098 1342 3176 praesidio
1375 3096 1617 3168 tenebat,
1658 3098 1712 3150 in
1754 3094 2083 3150 deditionem

383 3195 600 3253 redacto
631 3209 794 3273 atque
826 3197 1069 3267 dimisso,
1100 3195 1399 3253 secundum
1430 3198 1698 3273 Superum
1733 3213 1881 3251 mare
1904 3196 2081 3249 Brun-
