2372 3918
909 285 1345 334 VESPASIANUS.
1947 287 2006 347 39

265 400 583 478 jicerentur.
638 394 763 473 Egit
807 403 862 449 et
907 390 1112 470 gratias
1145 390 1196 446 ei
1241 387 1390 466 apud
1425 387 1824 466 amplissimum
1853 389 2006 447 ordi-

271 520 392 556 nem
413 542 429 572 ‚
462 496 613 577 quod
644 515 703 552 se
726 494 938 552 honore
961 510 1128 548 coenae
1152 488 1414 567 dignatus
1437 500 1595 546 esset.

351 602 451 658 111.
500 602 657 657 Inter
692 596 808 652 haec
850 591 1097 651 Flaviam
1149 589 1498 649 Domitillam
1552 589 1712 648 duxit
1747 612 2008 664 uxorem,

269 699 471 760 Statilii
500 695 768 776 Capellae,
802 692 1003 771 equitis
1034 692 1277 764 romani,
1312 691 1659 748 Sabratensis
1687 712 1753 748 ex
1791 692 1974 749 Africa
1994 736 2009 764 ,

270 801 560 860 delicatam
602 796 769 866 olim,
818 793 1115 871 latinaeque
1148 792 1511 861 conditionis,
1551 790 1646 849 sed
1685 812 1815 849 mox
1860 794 2010 870 inge-

271 923 437 961 nuam
465 912 521 958 et
550 902 723 956 civem
759 915 1045 952 romanam
1081 894 1498 971 recuperatorio
1529 891 1738 971 judicio
1762 913 2009 971 pronun-

268 1005 471 1061 ciatam
493 1044 508 1074 ,
539 1011 695 1078 patre
720 1008 995 1054 asserente
1021 994 1214 1053 Flavio
1244 992 1511 1066 Liberali,
1540 994 1763 1051 Ferenti
1792 995 2011 1072 genit0,

272 1123 373 1161 nec
405 1101 701 1179 quicquam
739 1095 978 1176 amplius
1017 1116 1184 1173 quam
1225 1096 1523 1172 quaestorio
1558 1094 1756 1152 scriba.
1789 1096 1871 1151 Ex
1910 1095 2014 1152 hac

268 1202 474 1260 liberos
529 1199 656 1259 tulit
700 1201 923 1271 Titum,
977 1210 1033 1255 et
1078 1198 1499 1269 Domitianum,
1552 1208 1610 1253 et
1650 1194 2011 1252 Domitillam.
2074 1224 2076 1227 ·

270 1305 450 1362 Uxori
467 1325 531 1360 ac
558 1301 682 1358 filiae
705 1307 989 1379 superstes
1014 1299 1151 1368 fuit,
1181 1310 1347 1376 atque
1371 1310 1667 1374 utramque
1693 1297 1877 1354 adhuc
1900 1298 2013 1375 pri-

269 1417 426 1463 vatus
454 1404 654 1461 amisit.
678 1406 818 1471 *Post
848 1402 1039 1458 uxoris
1073 1421 1382 1471 excessum,
1413 1397 1725 1471 Caenidem,
1762 1400 2016 1455 Antoniae

270 1506 525 1564 libertam
568 1517 621 1562 et
654 1525 685 1561 a
728 1525 921 1575 manu,
966 1501 1222 1560 dilectam
1251 1500 1533 1580 quondam
1568 1501 1703 1573 sibi,
1738 1503 2019 1558 revocavit

272 1609 328 1665 in
354 1606 808 1675 contubernium,
847 1604 1154 1682 habuitque
1171 1604 1337 1660 etiam
1361 1604 1664 1680 imperator
1682 1623 1837 1680 paene
1856 1603 2018 1680 justae

269 1709 457 1766 uxoris
490 1705 631 1763 loco.

351 1810 451 1883 IV.
481 1805 719 1865 Claudio
740 1806 992 1884 principe
1012 1851 1025 1875 ‚
1049 1806 1298 1864 Narcissi
1326 1807 1502 1884 gratia
1539 1805 1756 1884 legatus
1784 1804 2016 1884 legionis

272 1912 331 1967 in
360 1909 722 1969 Germaniam
766 1908 965 1965 missus
992 1920 1074 1964 est
1107 1928 1119 1963 :
1148 1906 1278 1964 inde
1308 1909 1363 1964 in
1399 1907 1748 1966 Britanniam
1786 1905 2019 1964 transla-

270 2024 390 2084 ωε,
421 2012 604 2069 tricies
634 2030 760 2067 cum
796 2010 954 2067 hoste
990 2008 1256 2066 conflixit.
1290 2012 1448 2067 Duas
1482 2008 1845 2067 validissimas
1887 2032 2018 2088 gen·

270 2123 351 2169 tes
371 2154 387 2184 ,
422 2132 699 2189 superque
743 2112 940 2188 viginti
969 2110 1204 2189 oppida,
1237 2123 1293 2168 et
1323 2110 1560 2168 insulam
1592 2114 1854 2184 Vectem,
1893 2113 2017 2169 Bri-

271 2213 473 2270 tanniae
527 2213 866 2291 proximam,
918 2213 975 2269 in
1023 2212 1288 2270 ditionem
1344 2213 1588 2291 redegit,
1638 2217 1838 2293 partim
1891 2214 2018 2272 Auli

271 2312 473 2371 Plautii
516 2313 684 2391 legati
730 2311 1069 2386 consulariS,
1116 2315 1317 2391 partim
1353 2313 1573 2372 Claudii
1613 2316 1787 2393 ipsius
1824 2317 2015 2373 ductu.

269 2418 461 2490 Quare
509 2412 868 2492 triumphalia
916 2428 1283 2484 ornamenta,
1316 2428 1371 2472 et
1412 2418 1468 2472 in
1505 2416 1663 2474 brevi
1688 2419 1866 2496 spatio
1919 2417 2020 2474 du-

274 2515 396 2594 plex
433 2515 800 2573 sacerdotium
839 2516 1052 2593 accepit
1088 2537 1100 2572 :
1132 2529 1396 2593 praeterea
1431 2518 1815 2591 consulatum,
1850 2539 2017 2596 quem

273 2617 437 2695 gessit
459 2636 558 2695 per
577 2615 718 2672 duos
739 2614 1066 2674 novissimos
1088 2618 1220 2674 anni
1247 2638 1491 2675 menses:
1518 2619 1760 2676 medium
1780 2632 2018 2697 tempu3‚

273 2716 341 2773 ad
364 2716 820 2794 proconsulatum
843 2738 1046 2795 usque,
1074 2719 1127 2775 in
1159 2719 1276 2776 otio
1307 2740 1632 2797 secessuque
1661 2721 1791 2800 egit,
1818 2722 2017 2798 Agrip-

275 2819 462 2894 pinam
494 2819 723 2891 timens,
763 2830 1047 2896 potentem
1071 2819 1254 2878 adhuc
1285 2820 1433 2899 apud
1465 2821 1671 2895 filium,
1700 2834 1755 2879 et
1773 2821 2019 2878 defuncti

274 2939 496 2996 quoque
536 2920 781 2977 Narcissi
829 2921 1035 2977 amicos
1090 2942 1361 2998 perosam.
1414 2923 1558 2979 Exin
1603 2923 1832 2980 sortitus
1872 2920 2018 2979 Afri-

272 3040 422 3091 cam,
453 3020 811 3099 integerrime
839 3041 939 3077 nec
969 3021 1086 3078 sine
1105 3042 1307 3100 magua
1331 3022 1652 3100 dignatione
1672 3022 2025 3079 administra-

277 3120 378 3190 vit3
403 3121 506 3176 nisi
530 3120 681 3197 quod
704 3120 1025 3195 Adrumeti,
1058 3122 1331 3180 seditione
1349 3122 1618 3200 quadam,
1647 3143 1781 3201 rapa
1819 3123 1872 3178 in
1895 3141 2020 3179 eum

275 3221 420 3296 jacta
453 3232 598 3278 sunt.
625 3221 812 3278 Rediit
837 3234 983 3280 certe
1007 3223 1183 3280 nihilo
1221 3223 1567 3301 opulentior,
1597 3237 1655 3282 ut
1687 3224 1816 3301 qui,
1847 3242 2023 3301 prope

278 3317 542 3377 labefacta
562 3322 675 3399 jam
710 3322 842 3395 fide,
868 3324 1053 3380 omnia
1080 3325 1284 3403 praedia
1314 3326 1470 3381 fratri
1503 3325 1797 3404 obligarit,
1834 3344 2023 3380 neces-
