2372 3918
738 240 801 283 IN
836 237 1145 284 TIBERIUM
1181 236 1510 283 NERONEM.
1887 235 1978 292 237

264 349 333 390 ἵνα,
357 342 541 402 διελέχθη
565 344 631 394 τὶ,
662 342 730 385 καὶ
751 346 869 385 τοῦτο
895 337 1170 397 δὸημοσίιυεν,
1193 340 1300 382 ὥστε
1326 340 1395 382 καὶ
1425 342 1462 388 ἐς
1491 341 1543 382 τὰ
1568 342 1680 382 κοινὰ
1702 342 1980 397 ὑπομνήματα

265 423 547 482 ίογροὶφισθαι·

329 493 434 539 cin».
457 490 652 537 LXVII.
683 490 923 551 Epistoloe.
957 490 1027 536 cf.
1052 489 1218 534 Tuom.
1234 521 1248 544 ‚
1273 489 1444 532 Annal.
1462 521 1476 542 ,
1504 502 1554 530 vx
1569 520 1583 542 ‚
1607 487 1652 531 6.

333 571 529 614 Tantum
559 582 663 611 non.
691 566 749 612 Η.
779 581 819 611 e.
852 565 977 623 fere,
1002 573 1057 610 ut
1081 579 1239 625 supra.

332 645 439 690 Cn.
466 643 686 688 LXVIII.
719 642 951 686 Videt-ent.
977 640 1118 698 Plin„
1137 642 1196 685 H.
1215 640 1300 694 Ν.,
1316 655 1367 684 xi
1385 674 1396 696 ,
1424 654 1482 696 27
1512 655 1521 681 t
1548 638 1765 687 «Ferunt
1790 638 1982 683 Tiberio

261 719 453 778 Caesari,
478 734 567 764 nec
590 717 668 764 alii
691 717 961 779 genitorum
987 716 1277 781 [mortalium
1302 718 1502 780 glossam
1534 724 1674 776 putat
1714 716 1783 761 Cl.
1813 712 1983 778 Hase],

261 798 401 843 fuisse
444 805 687 852 naturum,
722 803 777 840 ut
822 795 1179 857 expergefactus
1218 803 1367 840 noctu
1413 793 1684 855 paullisper,
1724 791 1855 837 haud
1892 791 1984 837 alio

260 873 430 930 modo,
467 887 608 933 quam
642 872 747 916 luce
780 873 904 918 clara
942 880 1250 918 contueretur
1280 871 1466 934 omnia,
1498 868 1740 931 paullatim
1779 866 1987 915 tenebris

261 965 357 995 sese
381 948 740 996 obducentibus.
759 970 777 990 »
991 952 994 956 '

330 1027 540 1087 Obstc'pa.
569 1027 626 1071 H.
653 1042 692 1071 e.
727 1043 833 1088 quae
860 1043 959 1072 non
988 1026 1079 1073 nisi
1101 1042 1208 1072 cum
1231 1036 1334 1073 toto
1369 1041 1572 1087 corpore
1606 1024 1823 1080 vertitur,
1851 1031 1905 1068 ut
1934 1023 1984 1067 in

262 1106 424 1150 Horat.
442 1138 456 1162 ‚
479 1104 603 1158 Sat„
632 1119 697 1163 11,
722 1102 776 1162 3,
801 1119 863 1166 92
891 1121 902 1148 τ
1099 1092 1103 1096 ’

435 1255 518 1293 Stes
540 1252 670 1306 capite
694 1252 874 1306 obstipo,
897 1252 1067 1293 multum
1091 1253 1228 1292 similis
1254 1253 1461 1292 metueuu'.

265 1395 338 1441 ef.
362 1395 522 1452 Pans„
548 1402 632 1439 sat.
659 1408 749 1449 111,
780 1392 856 1439 80.

330 1471 587 1515 Excusare.
617 1470 792 1527 Tacit.,
819 1473 994 1515 Annal.
1010 1503 1024 1525 ,
1052 1487 1096 1529 1,
1135 1486 1191 1516 10
1218 1487 1229 1515 :
1255 1474 1555 1533 «Augustus,
1580 1471 1743 1532 paucis
1770 1478 1879 1516 ante
1901 1485 1988 1516 an—

262 1545 360 1605 nis,
406 1562 556 1607 quum
598 1547 790 1592 Tiberio
823 1546 1118 1593 tribunitiam
1162 1557 1446 1608 potestatem
1483 1564 1511 1594 a
1546 1549 1762 1609 patribus
1802 1563 1988 1593 rursum

263 1625 547 1685 postularet,
572 1639 860 1685 quamquam
885 1626 1067 1670 honora
1102 1625 1315 1671 oratione
1330 1660 1345 1685 ‚
1368 1625 1584 1687 quaedam
1609 1625 1669 1671 de
1693 1625 1855 1671 habitu
1880 1627 1986 1669 cul-

264 1709 414 1762 tuque
452 1709 499 1746 et
540 1701 765 1746 institutis
800 1700 901 1759 ejus
937 1701 1144 1760 jecerat,
1182 1718 1286 1763 quae
1332 1704 1463 1749 velut
1497 1702 1769 1748 excusando
1812 1716 1987 1762 expro-

264 1779 436 1825 braret.
457 1798 477 1819 »

331 1856 634 1900 Medicorum.
657 1857 804 1902 Tacit.
820 1892 833 1916 ,
864 1860 1060 1914 Annal„
1082 1873 1133 1902 vt
1147 1892 1161 1915 ,
1188 1857 1247 1912 46
1275 1874 1286 1902 :
1311 1876 1337 1898 α
1358 1858 1535 1904 Solitus
1559 1856 1750 1902 eludere
1771 1854 1986 1900 medico—

265 1947 371 1977 rum
395 1941 541 1989 arteS‚
580 1942 721 1993 atque
745 1949 851 1992 eos,
877 1934 962 1995 qui
987 1944 1097 1995 post
1120 1933 1407 1996 trigesimum
1438 1933 1587 1985 ⁴aetatis
1611 1949 1787 1979 annum
1819 1932 1882 1978 ad
1912 1931 1989 1977 in-

267 2010 575 2055 ternoscenda
589 2011 782 2071 corpori
799 2025 885 2057 suo
898 2011 1032 2056 utilia
1051 2013 1128 2056 vel
1140 2011 1285 2058 noxia
1307 2008 1448 2056 alieni
1472 2010 1654 2057 consilii
1678 2010 1958 2071 indigerent.
1971 2029 1991 2050 n

333 2097 440 2141 Cn.
463 2098 642 2143 LXIX.
669 2098 889 2143 Gestavit.
915 2099 1049 2144 Idem
1071 2108 1234 2146 narrat
1258 2098 1402 2158 Plin.‚
1427 2100 1486 2144 H.
1511 2099 1573 2145 N.
1591 2132 1607 2154 ‚
1626 2114 1705 2156 xv,
1741 2096 1817 2142 30.

331 2182 440 2228 Cn.
474 2184 621 2230 LXX.
650 2185 858 2230 Generis.
883 2187 1064 2247 Nempe
1102 2184 1240 2248 graeci
1264 2196 1311 2233 et
1331 2185 1466 2233 latini
1481 2221 1496 2245 ‚
1525 2195 1580 2233 ut
1617 2186 1667 2232 in
1689 2187 1805 2232 Hor.
1821 2220 1836 2244 ,
1862 2186 1951 2230 Od.
1974 2218 1986 2237 ‚

267 2274 355 2315 ιιι,
380 2261 436 2316 8,
464 2260 490 2306 5
521 2276 533 2304 τ

444 2409 567 2448 Docte
589 2422 788 2449 sermones
812 2410 1014 2464 utriusque
1041 2411 1190 2465 linguae.

335 2548 611 2592 Messalam.
640 2549 713 2593 De
749 2563 848 2609 quo
883 2549 1077 2608 Seneca,
1109 2549 1288 2595 Coner..
1336 2567 1409 2606 11,
1452 2566 1506 2595 ια
1548 2566 1559 2594 ε
1596 2571 1615 2591 ιι
1650 2550 1760 2595 Fuit
1796 2551 1993 2594 Messala

272 2620 549 2668 exactissimi
568 2622 770 2685 ingenii,
794 2624 844 2669 in
862 2640 1022 2671 omnes
1043 2625 1312 2672 studiorum
1334 2635 1517 2686 partes,
1543 2625 1676 2671 latini
1699 2625 1866 2686 utique
1888 2640 1991 2670 ser-

271 2699 424 2745 monis
462 2699 894 2763 diligentissimus.»
934 2702 1004 2748 Cf.
1046 2706 1311 2761 Qum-ru„
1342 2705 1531 2757 Instit.,
1572 2718 1627 2761 x,
1666 2718 1684 2749 1
1704 2718 1719 2759 ;
1756 2710 1804 2747 et
1835 2703 1994 2757 Voss.,

274 2777 390 2822 Hist.
415 2778 522 2822 Lat.
533 2810 549 2832 ,
580 2793 622 2836 1,
663 2777 734 2824 18.

339 2852 702 2915 Euphorionem.
735 2856 881 2901 Poeta
904 2855 994 2901 fuit
1025 2856 1372 2913 Chalcidensis3
1397 2857 1458 2903 de
1481 2857 1564 2903 illo
1588 2855 1787 2914 Quintil.
1802 2890 1815 2914 ‚
1849 2858 1964 2902 Inse.
1979 2888 1991 2907 ,

272 2945 330 2987 x,
375 2946 394 2975 1
438 2946 449 2975 :
481 2951 500 2971 α
521 2930 683 2990 Quid?
709 2932 1069 2992 Euphorionem
1094 2933 1424 2981 transibimus?
1452 2948 1593 2995 quem
1627 2932 1719 2979 nisi
1749 2933 1995 2993 probasset

273 3000 520 3068 Virgilius,
541 3007 666 3054 idem
699 3024 941 3070 nunquam
966 3019 1092 3056 certe
1114 3011 1418 3057 conditorum
1456 3010 1698 3057 Chalcidio
1722 3025 1862 3055 versu
1884 3024 1990 3055 car-

271 3082 451 3128 minum
481 3083 662 3132 fecisset
691 3084 740 3130 in
771 3087 1002 3131 Bucolicis
1031 3088 1333 3133 mentionem.
1366 3088 1435 3133 Cf.
1473 3089 1670 3142 Suuns,
1695 3095 1741 3131 et
1771 3089 1989 3141 Arnen..

276 3176 351 3218 XI,
382 3176 429 3221 p-
457 3170 565 3219 ‘'77-

347 3236 592 3283 Rhianum.
635 3238 803 3284 Suidas
834 3256 844 3284 t
882 3238 1041 3299 ῥιανὸς,
1075 3248 1183 3290 ὁκαὶ
1218 3249 1325 3304 Κρὴς
1363 3249 1428 3299 ὢν,
1468 3250 1642 3295 Βηναῖος”
1670 3248 1774 3291 Βῆνη
1809 3243 1857 3288 8¹·
1884 3248 1997 3295 πόλις
