2372 3918
468 341 554 402 196
1134 338 1180 383 o.
1219 338 1504 384 sum-orm

460 454 733 500 exstructo
765 440 1104 521 plurifariam
1131 442 1292 498 circo.
1325 439 1569 499 Canendi
1594 461 1656 496 ac
1695 439 1926 497 saltandi
1965 440 2153 520 volup·

461 555 571 600 tate
605 543 682 616 ita
711 540 1063 612 efferebatur,
1099 552 1160 596 ut
1201 561 1270 597 ne
1307 540 1539 617 publicis
1580 538 1800 616 quidem
1834 540 2155 617 spectaculis

461 652 816 719 temperaret,
843 661 951 717 quo
982 640 1160 695 minus
1193 651 1246 695 et
1279 640 1524 718 tragoedo
1554 640 1941 716 pronuncianti
1972 643 2153 697 conci-

460 753 644 813 neret,
679 753 734 796 et
766 752 977 818 gestum
1009 739 1289 795 histrionis
1318 740 1471 815 quasi
1504 738 1733 796 laudans
1766 738 1847 795 vel
1881 742 2156 818 corrigens

459 841 639 919 palam
672 840 967 917 effingeret.
1001 841 1115 913 Nec
1146 838 1251 895 alia
1280 839 1346 895 de
1373 860 1534 896 causa
1564 839 1780 896 videtur
1807 861 1872 896 eo
1907 841 2020 912 die,
2049 862 2160 916 quo

459 942 654 1017 periit,
695 937 1038 1016 pervigilium
1075 938 1364 1008 indixisse,
1397 959 1561 1015 quam
1604 951 1664 995 ut
1706 940 1921 995 initium
1959 940 2015 995 in
2044 960 2159 996 sce-

458 1060 584 1096 nam
615 1037 920 1117 prodeundi
950 1037 1170 1095 licentia
1199 1039 1460 1116 temporis
1488 1039 1879 1116 auspicaretur.
1916 1039 2159 1095 Saltabat

458 1152 642 1196 autem
689 1159 1087 1215 nonnunquam
1134 1139 1310 1201 etiam·
1347 1150 1512 1195 noctu
1560 1159 1574 1194 z
1624 1150 1679 1194 et
1731 1138 2008 1215 quondam
2050 1150 2158 1194 tres

468 1237 780 1295 consulares
817 1237 1050 1294 secunda
1082 1237 1266 1315 vigilia
1303 1238 1361 1293 in
1393 1235 1655 1315 palatium
1690 1238 1923 1310 accitOS,
1965 1236 2164 1294 multa-

464 1359 570 1415 que
602 1351 657 1394 et
689 1351 932 1394 extrema
961 1350 1264 1394 metuentes
1285 1382 1300 1406 ,
1342 1358 1506 1413 super
1536 1336 1812 1413 pulpitum
1841 1336 2163 1407 collocavit;

458 1420 655 1492 deinde
700 1449 942 1513 repente.
977 1457 1178 1513 magno
1230 1436 1487 1491 tibiarum
1537 1448 1593 1490 et
1639 1434 1999 1492 scabellorum
2044 1457 2161 1491 cre-

457 1537 611 1613 pitu,
642 1556 766 1592 cum
796 1534 941 1613 palla
972 1536 1263 1611 tunicaque
1299 1533 1455 1590 talari
1488 1531 1771 1609 prosiluit,
1804 1554 1867 1589 ac
1892 1533 2159 1590 desaltato

457 1637 671 1692 cantico
703 1635 855 1691 abiit.
891 1637 1073 1711 Atque
1113 1634 1202 1690 hic
1239 1631 1368 1690 tam'
1392 1630 1583 1689 docilis
1616 1631 1687 1688 ad
1722 1644 1900 1689 cetera
1921 1676 1939 1708 ,
1975 1645 2165 1690 natare

462 1736 669 1791 nesciit.
1275 1739 1277 1742 ’

536 1836 654 1891 LV.
688 1837 944 1909 Quorum
976 1856 1104 1891 vero
1135 1833 1316 1891 studio
1348 1845 1642 1905 teneretur,
1677 1833 1930 1890 omnibus
1964 1831 2035 1888 ad
2075 1832 2160 1887 in-

458 1934 664 1989 saniam
691 1934 841 1989 favit.
868 1937 1200 1991 Mnesterem
1231 1934 1628 2011 pantOmimum
1653 1934 1816 1989 etiam
1842 1934 1987 1988 inter
2012 1953 2163 2009 spec-

458 2031 638 2088 tacula
681 2032 1027 2089 osculabatur
1062 2054 1075 2089 z
1115 2054 1177 2090 ac
1219 2035 1263 2089 si
1304 2035 1431 2110 quis
1468 2032 1699 2091 saltante
1740 2054 1804 2089 eo
1837 2031 1922 2088 vel
1968 2031 2163 2087 leniter

458 2132 817 2209 obstreperet,
840 2133 1052 2189 detrahi
1074 2134 1288 2210 jussum
1314 2154 1479 2189 manu
1501 2153 1598 2189 sua
1621 2131 1943 2210 flagellabat.
1968 2131 2162 2206 Equiti

458 2251 687 2287 romano
747 2231 1107 2288 tumultuanti
1168 2253 1266 2308 per
1328 2233 1706 2287 centurionem
1769 2230 2119 2286 denunciavit
2150 2272 2165 2300 ,

457 2330 633 2386 abiret
667 2331 784 2387 sine
826 2353 982 2387 mora
1020 2333 1265 2404 Ostiam,
1299 2331 1673 2409 perferretque
1713 2331 1783 2386 ad
1813 2329 2162 2387 Ptolemaeum

459 2449 643 2507 regem
673 2431 729 2485 in
760 2432 1147 2487 Mauritaniam
1185 2429 1465 2487 codicillos
1502 2450 1645 2485 suos,
1688 2430 1941 2501 Quorum
1979 2448 2164 2483 exem-

457 2527 612 2605 plum
637 2541 782 2585 erat:
806 2531 939 2602 «Ei,
965 2518 1293 2606 quem'istuc
1321 2530 1468 2600 misi,
1489 2549 1665 2604 neque
1687 2528 1820 2582 boni
1842 2528 2163 2603 quicquam,

459 2647 636 2703 neque
665 2627 826 2699 mali,
861 2628 1066 2683 feceris.
1095 2651 1122 2679 ν)
1153 2628 1386 2683 Threces
1418 2627 1683 2704 quosdam
1721 2627 2010 2682 Germanis
2042 2646 2166 2682 cor-

457 2726 607 2802 poris
657 2726 978 2781 custodibus
1034 2728 1345 2804 praeposuit.
1398 2724 1802 2782 Mirmillonum
1857 2737 2163 2781 armaturas

457 2824 667 2881 recidit.
713 2824 984 2883 Columbo
1026 2828 1252 2898 victori,
1291 2826 1483 2906 leviter
1522 2839 1705 2883 tamen
1738 2826 1922 2882 saucio
1945 2867 1960 2896 ,
1999 2845 2165 2880 vene-

459 2944 592 2980 num
628 2926 686 2980 in
724 2924 940 3003 plagam
972 2925 1217 2998 addidit,
1260 2926 1410 3003 quod
1447 2948 1510 2982 ex
1550 2947 1614 2982 eo
1652 2924 2032 2983 Columbinum
2065 2943 2162 2999 ap-

456 3021 695 3100 pellavit.
724 3025 811 3080 Sic
839 3038 984 3081 certe
1017 3026 1160 3082 inter
1193 3024 1299 3081 alia
1335 3046 1547 3081 venena
1584 3027 1848 3103 scriptum
1879 3025 1947 3079 ab
1977 3044 2042 3078 eo
2076 3043 2163 3076 re-

456 3134 675 3199 pertum
705 3136 802 3180 est.
829 3126 1065 3181 Prasinae
1095 3124 1319 3180 factioni
1348 3126 1423 3180 ita
1451 3124 1699 3180 addictus
1734 3135 1788 3180 et
1817 3122 2066 3194 dedituS,
2099 3134 2162 3176 ut

457 3237 696 3281 coenaret
734 3227 792 3281 in
823 3225 1041 3303 ‘stabulo
1076 3224 1322 3296 assidue,
1358 3237 1412 3280 et
1455 3237 1712 3282 maneret.
1748 3223 2017 3302 Agitatori
2050 3224 2163 3277 Eu-

458 3324 620 3398 tycho
645 3325 1078 3381 commissatione
1110 3322 1344 3399 quadam
1379 3325 1435 3379 in
1469 3324 1821 3401 apophoretis
1854 3322 2018 3377 vicies
2052 3341 2160 3376 ses·
