2372 3918
465 265 479 292 1
494 248 517 292 5
525 250 551 292 8
1232 255 1423 302 NOTAE

454 357 612 407 partes
633 364 644 394 :
670 363 768 394 asse
793 358 989 410 accepto
1016 366 1108 411 pro
1140 360 1242 398 tota
1269 352 1557 412 hereditate,
1583 354 1796 398 dodrans
1820 361 1890 400 est
1919 368 2010 414 pro
2032 370 2202 401 novem

456 424 557 483 ejus
578 426 797 485 partibus
831 443 914 474 seu
938 429 1081 473 tribus
1102 431 1462 490 quadrantibus,
1490 431 1673 477 Notum
1708 439 1778 476 est
1805 430 2091 478 dodrantem
2115 448 2207 478 eu·-

451 500 647 559 juslibet
668 519 885 564 summae,
902 522 1007 567 quae
1031 506 1080 551 in
1104 506 1360 554 duodecim
1383 516 1542 569 partes
1566 506 1835 566 dividatur,
1857 516 2017 568 partes
2031 524 2204 554 novem

454 577 733 641 significare.
758 582 960 631 Martial.
977 619 990 643 ,
1019 600 1140 642 vm,
1167 600 1199 647 9
1225 601 1236 630 ε

631 710 793 751 Solvere
816 711 1052 752 dodrantem
1073 726 1204 767 nuper
1224 712 1324 763 tibi,
1349 713 1547 766 Quinem,
1575 712 1734 753 volebat

697 780 849 836 Lippus
873 783 993 837 Hylas
1013 796 1024 823 ε
1048 783 1178 823 luscus
1200 783 1288 824 vult
1306 782 1402 824 dare
1420 782 1646 824 dimidium.

516 901 571 944 L.
599 901 860 946 Pinarium.
885 901 960 947 Sic
984 901 1215 962 Appiam,
1235 904 1294 949 B.
1333 904 1410 959 C.,
1437 919 1499 949 111
1515 938 1530 962 ,
1551 919 1602 964 p.
1633 901 1744 959 540.

524 977 580 1035 Q.
606 978 821 1023 Pedium.
846 977 937 1024 Hic
973 987 1139 1039 postea
1163 981 1329 1025 consul
1359 979 1451 1026 fuit
1473 990 1657 1027 creatus
1692 996 1799 1027 eum
1839 978 2058 1026 Octavio.
2084 979 2204 1039 Dio,

448 1069 587 1112 xnw,
611 1070 660 1114 p.
698 1056 811 1101 320.
835 1057 908 1101 De
933 1072 1032 1117 quo
1055 1055 1202 1115 Plin.‚'
1225 1072 1381 1117 xxxv,
1406 1063 1451 1112 4.

520 1133 601 1176 Ex
625 1134 900 1192 quadrante.
927 1134 985 1179 H.
1019 1149 1059 1179 e.
1095 1143 1191 1180 tres
1225 1133 1315 1181 illis
1352 1134 1488 1182 dedit
1524 1135 1800 1181 hereditatis
1832 1143 1994 1195 partes
2027 1151 2038 1180 :
2074 1151 2203 1197 qua-

448 1210 598 1254 drans
623 1208 855 1269 accipitur
884 1206 978 1270 pro
1001 1211 1156 1257 tribus
1177 1212 1355 1270 unciis,
1380 1221 1427 1258 et
1450 1211 1624 1258 exinde
1656 1228 1750 1272 pro
1781 1211 1937 1258 tribus
1957 1210 2204 1257 heredita-

448 1286 507 1331 tis
529 1286 761 1346 partibus.

514 1365 574 1408 In
601 1364 698 1408 ima
719 1379 842 1408 cera.
866 1366 926 1411 H.
951 1380 991 1410 e.
1020 1365 1072 1411 in
1094 1375 1303 1412 extrema
1324 1375 1462 1427 parte
1490 1366 1778 1424 testamenti,
1811 1374 1867 1411 ut
1889 1364 2014 1424 Cic„
2045 1366 2174 1412 Ver-r.
2184 1398 2202 1422 ,

451 1457 494 1499 1,
520 1441 584 1502 39
610 1457 621 1485 :
647 1461 667 1482 «
686 1442 746 1487 In
778 1442 957 1488 codicis
989 1439 1198 1493 extrema
1235 1458 1357 1490 cera.
1376 1464 1397 1486 »
1426 1445 1550 1491 Nam
1581 1460 1704 1489 ceroe
1738 1444 2022 1489 dicebantur
2056 1450 2206 1490 testa-

448 1528 633 1578 menta,
663 1517 837 1565 tabulis
860 1520 1030 1567 ceratis
1051 1521 1305 1583 inscripta,
1327 1530 1554 1568 monente
1578 1523 1650 1567 Cl.
1680 1522 1823 1568 Hase.

518 1598 814 1642 D.,Bmtum.
836 1596 1068 1666 Appian.‚
1098 1600 1157 1646 B.
1186 1599 1262 1655 C.‚
1286 1614 1337 1659 p.
1379 1597 1474 1646 518
1501 1616 1513 1645 :
1539 1606 1756 1650 Οἴκτιστον
1788 1601 1839 1649 δὲ
1870 1605 1995 1664 ἐφάνη
2018 1605 2205 1666 μάλιστα

450 1681 607 1733 αὐτοῖς,
638 1681 701 1723 ὅτι
737 1687 817 1724 τῶν
849 1678 1101 1740 ἀνδροφόνων
1135 1684 1306 1742 Δέκιμος
1350 1684 1369 1726 ὅ
1403 1687 1575 1742 Βροῦτος
1603 1685 1642 1727 ἐν
1669 1684 1753 1734 τοῖς
1784 1678 1988 1742 dem-ipone
2019 1682 2205 1742 κληρονό-

453 1774 541 1816 μοις
557 1758 786 1817 ἐγέγραπτο
801 1759 912 1809 παῖς.
1453 1752 1455 1756 V

518 1830 577 1873 In
628 1829 846 1874 secundis
890 1829 1152 1877 heredibuS.
1194 1832 1442 1878 Secundos
1483 1840 1531 1877 et
1584 1831 1749 1879 tertios
1783 1830 1986 1878 heredes
2018 1830 2204 1878 substi-

451 1914 584 1951 tuere
607 1906 824 1952 solebant
845 1906 1076 1966 Romani,
1099 1907 1186 1969 qui
1208 1909 1522 1956 succederent
1548 1908 1600 1954 in
1629 1909 1967 1968 hereditatem,
1991 1907 2034 1956 si
2064 1907 2206 1970 prio-

452 1997 528 2029 res
564 1984 642 2029 vel
675 1982 809 2030 adire
839 1983 1129 2044 noluissent,
1172 1987 1250 2031 vel
1294 1997 1405 2032 ante
1455 1995 1693 2033 maturam
1739 1995 1926 2032 aetatem
1962 1983 2203 2033 obiissent.

453 2059 660 2120 Appian.
677 2095 691 2119 ,
716 2060 826 2106 ibid.
861 2076 878 2106 .·
917 2060 1085 2127 Ετέρους
1117 2071 1380 2129 κληρονόμους
1424 2071 1707 2130 παραγράφειν
1734 2058 1937 2130 ᾗωμαῖοις
1964 2071 2066 2124 ἔθος,
2089 2068 2126 2114 εἰ
2145 2070 2204 2129 μὴ

451 2147 726 2204 κληρονομοῖεν
752 2145 788 2188 οἱ
803 2147 1000 2204 πρότεροι.
1626 2158 1629 2161 ’

520 2218 700 2262 Hortos'.
724 2218 798 2262 De
821 2215 894 2262 his
922 2218 1116 2275 Horat.,
1151 2218 1251 2263 Sat.
1283 2234 1331 2276 1,
1365 2234 1419 2279 9,
1454 2218 1511 2263 18
1538 2234 1551 2263 ε

634 2337 763 2375 Trans
777 2333 958 2375 Tiberim
981 2335 1100 2388 longe
1119 2335 1240 2376 cubat
1257 2335 1301 2375 in
1319 2348 1445 2390 prope
1465 2334 1630 2376 Caesaris
1650 2335 1799 2377 hortos.

522 2457 728 2502 Publice.
753 2458 813 2502 H.
839 2472 878 2502 e.
905 2457 969 2503 ad
999 2473 1297 2503 communem
1322 2457 1534 2503 omnium
1560 2473 1701 2503 usum
1732 2474 1743 2502 :
1767 2472 1948 2518 oppon.
1974 2458 2168 2505 vin‘tim.

521 2535 632 2580 Cu».
657 2534 930 2581 LXXXIV.
949 2535 1148 2582 Indicto.
1184 2534 1466 2580 Indictionis
1490 2534 1714 2580 solemnia
1737 2535 1888 2580 verba
1913 2533 1964 2579 in
1987 2536 2203 2594 Terent.‚

397 2603 401 2612 x
457 2611 673 2667 Phorm„
698 2627 745 2670 V,
774 2611 825 2670 8,
857 2612 917 2658 38
952 2628 962 2656 :

630 2715 847 2784 Exsequias
865 2729 1089 2780 Chremeti,
1114 2729 1260 2784 quibus
1278 2737 1336 2771 est
1355 2730 1607 2772 commodum
1620 2761 1633 2782 ,
1655 2731 1717 2772 ire
1726 2731 1811 2786 Jam
1834 2739 1990 2787 tempus
2010 2739 2083 2774 δί.

458 2845 548 2888 Per
575 2856 843 2903 praeconem
873 2840 1208 2888 indicebantur
1238 2843 1459 2887 nobilium
1484 2843 1682 2902 funera3
1710 2842 1926 2905 vulgaria
1949 2851 2107 2889 autem
2130 2852 2206 2889 ta-

456 2919 549 2965 cita
577 2928 728 2965 noctu
743 2918 1118 2965 deducebantur.
1143 2918 1267 2965 Vide
1290 2921 1511 2965 chmu.
1525 2954 1539 2978 ,
1563 2921 1624 2966 de
1647 2922 1766 2966 Fun.
1790 2937 1904 2966 rom.
1917 2955 1932 2977 ,
1972 2936 1991 2965 1
2007 2955 2021 2979 ,
2044 2936 2094 2982 p.
2126 2937 2200 2966 10.

520 2999 583 3042 In
600 2998 782 3043 Martio
805 3013 993 3058 campo.
1009 2996 1107 3043 Ubi
1129 2996 1342 3057 illorum,
1367 2997 1543 3059 quibus
1554 2998 1648 3044 hoc
1671 3006 1859 3044 senatus
1875 2996 2201 3055 concessisset,

458 3062 663 3135 corpora
695 3075 1037 3121 cremabantur.

519 3153 705 3198 Aurata
727 3153 872 3198 oedes.
898 3153 957 3198 H.
976 3168 1016 3197 e.
1040 3167 1211 3215 pegma
1244 3152 1294 3197 in
1316 3153 1443 3198 Foro
1469 3161 1786 3214 exstructum,
1816 3163 1871 3200 ut
1894 3153 1964 3201 ibi
1988 3154 2198 3199 colloca-

457 3236 589 3273 retur
613 3229 804 3274 Caesaris
828 3245 1002 3290 corpus
1027 3245 1114 3290 per
1128 3229 1464 3275 laudationem.

528 3305 606 3350 Ad
625 3306 940 3350 simulacrum.
966 3308 1025 3351 H.
1060 3323 1098 3351 e.
1134 3306 1197 3352 ad
1220 3307 1587 3354 similitudinem.
