2372 3918
385 282 400 310 1
413 263 471 318 54
1048 268 1096 312 C.
1127 267 1415 314 SUETONII
1436 295 1441 298 -

379 368 612 439 adesset;
637 369 861 444 deinde,
886 391 1071 427 errore
1094 371 1332 438 detect0‚
1366 384 1419 428 et
1445 373 1648 443 occidi,
1682 393 1749 428 ne
1779 371 2079 450 divulgaret

380 468 653 545 injuriam.
703 471 1045 528 Carnificinae
1101 472 1216 548 ejus
1268 472 1576 530 ostenditur
1625 472 1778 529 locus
1823 473 2046 549 Capreis
2067 515 2082 543 ‚

380 568 524 630 unde
551 568 866 643 damnatOS‚
899 583 1023 647 post
1054 569 1218 651 longa
1253 584 1308 628 et
1327 573 1594 649 exquisita
1626 583 1921 643 tormenta,
1948 592 2083 648 prae-

380 671 594 746 cipitari
637 654 821 727 coram
861 691 918 726 se
956 671 1013 727 in
1055 691 1206 728 mare
1239 672 1497 749 jubebat,
1527 673 1831 749 excipiente
1863 670 2081 737 classia-

378 770 587 825 riorum
619 791 815 843 manu,
845 782 901 826 et
933 771 1108 827 contis
1139 783 1301 848 atque
1331 773 1495 828 remis
1529 771 1761 829 elidente
1787 771 2050 829 cadavera
2068 812 2083 841 ‚

378 889 447 923 ne
476 869 808 942 cuiresidui
840 870 1063 948 spiritus
1095 873 1388 948 quicquam
1420 873 1634 929 inesset.
1670 872 2086 949 Excogitaverat

380 978 561 1023 autem
593 968 735 1024 inter
762 990 956 1046 genera
993 971 1266 1028 cruciatus
1304 973 1466 1028 etiam
1485 1014 1500 1044 ‚
1536 983 1600 1027 ut
1632 970 1783 1049 larga
1823 971 1957 1026 meri
1986 990 2083 1045 po-

379 1066 525 1122 tione
556 1087 652 1144 per
681 1067 946 1126 fallaciam
968 1082 1256 1141 oneratos,
1286 1080 1508 1148 repente
1544 1071 1769 1127 veretris
1805 1068 2083 1146 deligatiS‚

378 1164 723 1222 fidicularum
755 1168 916 1225 simul
938 1171 1216 1246 urinaeque
1234 1181 1506 1240 tormento
1535 1168 1882 1225 distenderet.
1916 1166 2084 1239 Quod

378 1265 484 1320 nisi
519 1286 646 1322 eum
685 1281 740 1324 et
770 1289 918 1325 mors
953 1270 1304 1347 praevenisset
1324 1310 1339 1341 ,
1360 1281 1413 1324 et
1446 1267 1761 1345 Thrasyllus
1800 1261 2049 1324 consulto
2068 1308 2083 1337 ‚

379 1376 440 1419 ut
468 1364 648 1438 aiunt,
681 1367 897 1423 differre
929 1367 1177 1444 quaedam
1209 1388 1304 1444 spe
1340 1366 1601 1444 longioris
1634 1367 1759 1421 vitae
1793 1363 2086 1441 compulis-

379 1476 486 1535 set3
527 1464 710 1542 plures
744 1465 1023 1543 aliquanto
1055 1479 1378 1538 necaturUS‚
1414 1487 1476 1522 ac
1508 1486 1577 1521 ne
1610 1464 1837 1542 reliquis
1855 1463 2087 1540 quidem
2124 1460 2127 1464 ’

378 1565 667 1640 nepotibus
690 1586 951 1642 parsurus
978 1566 1244 1638 cred-itum
1268 1586 1440 1642 quum
1467 1577 1522 1621 et
1544 1565 1743 1621 Caium
1771 1575 2083 1641 suspectum

377 1662 624 1736 haberet,
646 1678 700 1721 et
721 1666 999 1721 Tiberium
1013 1708 1028 1737 ‚
1053 1676 1114 1721 ut
1143 1686 1207 1721 ex
1231 1652 1500 1720 adulterio
1523 1675 1878 1740 conceptum,
1900 1682 2087 1739 asper-

378 1775 616 1819 naretur.
649 1767 767 1823 Nec
801 1766 1060 1821 abhorret
1088 1786 1120 1821 a
1150 1786 1278 1821 vero
1309 1787 1322 1820 ε
1349 1776 1583 1841 namque
1617 1763 1915 1819 identidem
1932 1761 2086 1818 «feli-

378 1881 496 1916 cem
510 1864 789 1920 Priamum
816 1865 1076 1938 vocabat,
1101 1863 1250 1940 quod
1283 1876 1557 1941 superstes
1585 1864 1832 1921 omnium
1860 1883 2087 1919 suorum

378 1962 686 2020 exstitisset.
705 1988 733 2016 >2

455 2065 654 2119 LXIII.
699 2065 885 2137 Quam
932 2065 1076 2120 inter
1112 2056 1229 2120 haec
1262 2085 1374 2120 non
1405 2063 1571 2120 modo
1604 2064 1810 2118 invisus
1842 2082 1905 2125 ac
1936 2061 2087 2117 dete-

377 2163 599 2237 stabilis,
620 2163 713 2219 sed
731 2163 1087 2240 praetrepidus
1108 2184 1353 2240 quoque,
1378 2175 1542 2239 atque
1565 2163 1729 2218 etiam
1747 2159 2091 2218 contumeliis

376 2266 643 2322 obnoxius
663 2264 888 2336 vixerit,
912 2263 1086 2320 multa
1115 2264 1317 2320 indicia
1345 2274 1490 2319 sunt.
1521 2263 1852 2339 Haruspices
1884 2273 2090 2318 secreto

375 2384 438 2421 ac
468 2364 584 2419 sine
613 2364 842 2419 testibus
870 2362 1080 2419 consuli
1110 2363 1300 2419 vetuit.
1318 2363 1517 2420 Vicina
1553 2382 1683 2417 vero
1715 2362 1838 2416 urbi
1869 2358 2091 2416 oracula

374 2464 538 2519 etiam
559 2463 804 2540 disjicere
829 2475 1057 2519 conatus
1078 2474 1158 2518 est
1181 2484 1193 2517 z
1215 2461 1308 2517 sed
1329 2462 1612 2537 majestate
1628 2461 2090 2516 Praenestinarum

374 2564 602 2618 sortium
628 2563 878 2631 territus,
908 2561 1148 2631 destitit,
1179 2581 1349 2636 quum
1387 2560 1700 2636 obsignatas
1731 2559 2091 2635 devectasque

372 2664 606 2716 Romam
625 2681 736 2716 non
752 2661 1039 2736 reperisset
1066 2661 1123 2714 in
1145 2679 1266 2715 arca
1285 2702 1300 2732 ,
1331 2660 1436 2714 nisi
1456 2657 1629 2714 relata
1650 2678 1842 2714 rursus
1863 2658 1934 2713 ad
1959 2669 2091 2714 tem-

374 2748 545 2835 plumss
582 2761 772 2815 Unum
807 2755 862 2814 et
898 2756 1131 2832 alterum
1169 2756 1510 2828 consulares,
1540 2755 1741 2814 oblatis
1771 2757 2090 2833 provinciiS,

374 2880 486 2914 non
515 2879 678 2916 ausus
703 2878 734 2914 a
765 2879 821 2913 se
846 2857 1146 2929 dimittere,
1179 2878 1351 2934 usque
1381 2877 1445 2912 eo
1475 2856 1736 2927 detinuit,
1764 2854 1942 2913 donec
1969 2877 2091 2912 suc-

372 2978 608 3014 cessores
639 2967 764 3036 post
788 2956 999 3033 aliquot
1024 2977 1195 3013 annos
1221 2955 1577 3033 praesentibus
1603 2954 1790 3012 daret:
1815 2977 1986 3032 quum
2010 2956 2102 3014 in-.

374 3057 563 3129 terim,
585 3068 839 3112 manente
863 3055 1026 3112 officii
1054 3054 1239 3126 titulo,
1263 3055 1428 3109 etiam
1447 3052 1724 3128 delegaret
1749 3053 1987 3132 plurima
2005 3074 2089 3108 as-

375 3154 557 3228 sidue,
590 3177 708 3232 quae
739 3154 817 3211 illi
851 3175 950 3232 per
983 3153 1203 3231 legatos
1225 3164 1279 3208 et
1305 3152 1583 3229 adjutores
1602 3174 1726 3210 suos
1749 3151 2090 3229 exsequenda

377 3268 646 3309 curarent.

2355 564 2361 628 ..o-⁶
2351 501 2361 556 e„
2355 478 2359 483 .
2356 412 2358 418 .

2330 3324 2354 3494 -wm'ss
2339 3308 2343 3316 -
2336 3187 2366 3303 ‘neta-c.
2332 3102 2360 3183 ια’-ιρι
2341 3075 2351 3095 υ
2336 3053 2349 3067 π
2331 3007 2360 3048 uess-
2338 2962 2350 3002 em
2339 2923 2361 2946 «Α
