2372 3918
396 319 485 377 148
1059 319 1108 364 C.
1140 318 1429 365 SUETONII

391 424 506 480 rius
551 423 812 501 quiddam
853 434 1131 500 questam,
1169 442 1337 478 manu
1385 418 1773 497 apprehendit,
1820 439 2101 497 graecoque

393 543 585 596 versu,
620 523 722 580 «si
764 544 876 579 non
922 522 1249 593 dominaris,
1285 521 1493 596 inquit,
1531 516 1725 589 filiola,
1763 518 2019 594 injuriam
2052 530 2105 574 te

394 624 639 700 accipere
662 622 1013 679 existimasP»
1037 642 1137 677 nec
1159 619 1271 676 ullo
1293 642 1420 677 mox
1445 639 1695 676 sermone
1726 617 1982 696 dignatus
2004 630 2103 674 est.

395 720 695 794 Quondam
723 741 855 777 vero
876 720 1020 777 inter
1046 739 1257 776 coenam
1285 731 1538 796 porrecta
1564 739 1596 774 a
1622 738 1677 773 se
1697 736 1863 795 poma
1886 728 2106 793 gustare

394 842 508 878 non
547 842 767 893 ausam,
810 821 974 877 etiam
1011 840 1209 876 vocare
1250 819 1439 892 desiit,
1481 817 1775 888 simulam,
1811 817 2008 872 veneni
2052 837 2107 871 sc

393 921 623 977 crimine
652 921 876 992 arcessi3
912 940 1084 996 quum
1118 930 1502 996 praestructum
1528 930 1826 994 utrumque
1855 914 2108 972 consulto

395 1031 565 1093 esset,
602 1031 665 1076 ut
700 1032 756 1076 et
787 1020 902 1098 ipse
943 1019 1191 1075 tentandi
1229 1019 1407 1096 gratia
1444 1018 1695 1090 offerret,
1738 1029 1792 1073 et
1829 1015 1922 1071 illa
1952 1018 2107 1092 quasi

395 1119 762 1176 certissimum
811 1119 1034 1175 exitium
1084 1130 1314 1174 caveret.
1358 1117 1669 1175 Novissime
1716 1115 2109 1187 calumniatuS,

397 1217 562 1273 modo
586 1218 657 1273 ad
680 1229 917 1274 statuam
940 1217 1207 1294 Augusti,
1237 1215 1402 1272 modo
1430 1214 1501 1271 ad
1524 1215 1793 1271 exercitus
1817 1214 2112 1291 confugere

397 1316 564 1388 velle,
590 1317 972 1373 Pandateriam
996 1315 1285 1394 relegavit3
1310 1315 1747 1389 conviciantique
1772 1312 1995 1369 oculum
2016 1334 2114 1389 per

399 1415 799 1471 centurionem·
827 1415 1142 1470 verberibus
1192 1415 1443 1469 excussit.
1497 1416 1714 1468 Rursus
1751 1412 1893 1467 mori
1936 1412 2116 1468 inedia

401 1512 724 1586 destinanti,
757 1535 856 1591 per
881 1514 994 1569 vim
1026 1533 1121 1569 ore
1151 1512 1408 1585 diduct0,
1439 1511 1680 1568 infulciri
1713 1512 1899 1568 cibum
1930 1511 2110 1588 jussit.

402 1612 509 1669 Sed
527 1625 594 1669 et
622 1624 1091 1690 perseverantem,
1129 1624 1293 1688 atque
1317 1613 1394 1667 ita
1414 1612 1747 1683 absumtam,
1781 1611 2115 1667 criminosis-

399 1713 535 1769 sime
586 1713 886 1768 insectatus
920 1723 1029 1783 est,
1058 1732 1230 1788 quum
1275 1711 1421 1790 diem
1457 1730 1678 1787 quoque
1720 1708 1958 1765 natalem
2000 1710 2118 1786 ejus

400 1811 544 1867 inter
590 1811 829 1868 nefastos
879 1810 1229 1867 referendum
1270 1810 1542 1866 suasisset.
1575 1809 1881 1886 Imputavit
1919 1810 2117 1879 etiam,

402 1909 552 1987 quod
584 1932 695 1966 non
729 1909 926 1987 laqueo
959 1908 1357 1989 strangulatam
1400 1910 1458 1965 in
1494 1908 1793 1966 Gemonias
1824 1907 2117 1985 abjecerit:

402 2030 613 2088 proque
633 2007 729 2066 tali
754 2009 1043 2066 clementia
1065 2009 1342 2086 interponi
1362 2007 1645 2064 decretum
1668 2027 1859 2084 passus
1882 2019 1990 2080 est,
2010 2028 2122 2084 quo

403 2109 509 2169 sibi
540 2110 727 2187 gratiae
759 2121 1072 2188 agerentur,
1097 2120 1153 2165 et
1173 2107 1489 2185 Capitolino
1519 2110 1549 2162 J
1552 2107 1641 2162 ovi
1663 2106 1873 2163 donum
1896 2128 1962 2162 ex
1986 2127 2123 2162 auro

403 2220 728 2265 sacraretur.
1303 2192 1306 2194 ⁵

480 2310 626 2365 LIV.
660 2309 852 2380 Quum
876 2330 940 2365 ex
970 2309 1304 2367 Germanico
1334 2320 1443 2365 tres
1473 2319 1701 2384 nepotes
1720 2351 1735 2381 ,
1762 2309 2043 2365 N‘eronem
2071 2318 2127 2361 et

400 2408 649 2464 Drusum
674 2419 729 2463 et
756 2409 950 2464 Caium
966 2452 981 2481 ,
1009 2428 1073 2464 ex
1094 2410 1282 2464 Druso
1307 2428 1510 2479 unum,
1533 2407 1842 2478 Tiberium,
1873 2406 2125 2474 haberet;

403 2504 699 2562 destitutus
715 2519 891 2562 morte
915 2506 1217 2562 liberorum
1231 2549 1246 2578 ,
1269 2507 1537 2561 maximos
1558 2517 1694 2560 natu
1714 2505 1782 2560 de
1803 2493 2127 2560 Germanici

402 2601 527 2658 filiis
540 2646 555 2675 ,
575 2606 856 2662 Neronem
870 2616 928 2659 et
946 2607 1220 2677 Drusum,
1241 2607 1301 2659 P.
1321 2607 1383 2661 C.
1408 2603 1844 2659 commendavit:
1871 2602 2127 2677 diemque

403 2701 688 2777 utriusque
716 2703 985 2775 tirocinii,
1016 2703 1298 2780 congiario
1327 2702 1473 2779 plebi
1499 2702 1654 2773 dato,
1686 2681 1998 2758 celebrarit.
2019 2699 2126 2756 Sed

402 2811 466 2854 ut
503 2803 801 2878 comperit,
837 2803 1063 2859 ineunte
1108 2824 1280 2876 anno,
1312 2796 1416 2879 ¹pro
1459 2823 1650 2858 eorum
1695 2822 1915 2878 quoque
1954 2800 2128 2856 salute

402 2897 622 2976 publice
658 2912 787 2956 vota
829 2914 1110 2978 suscepta,
1152 2903 1263 2979 egit
1305 2923 1432 2957 cum
1473 2913 1695 2973 senatu,
1727 2903 1900 2958 «Non
1935 2899 2128 2955 dehere

397 2995 538 3053 talia
570 3000 794 3075 praemia
836 3001 1038 3072 tribui,
1074 3002 1181 3057 nisi
1219 3002 1458 3078 expertis
1493 3013 1547 3056 et
1580 3013 1739 3057 aetate
1776 3000 2126 3077 provectis:»

403 3108 567 3173 atque
591 3119 656 3154 ex
681 3119 745 3154 eo
764 3141 779 3171 ‚
808 3101 1079 3177 patefacta
1107 3101 1371 3155 interiore
1389 3101 1559 3155 animi
1585 3102 1669 3155 sui
1687 3112 1842 3170 nota,
1874 3098 2125 3153 omnium

407 3197 886 3253 criminationibus
913 3199 1180 3253 obnoxios
1217 3197 1456 3253 reddidit
1485 3219 1497 3253 :
1529 3199 1789 3273 variaque
1821 3196 2011 3251 fraude
2043 3197 2125 3254 in·

406 3292 633 3366 ductOS,
682 3308 744 3351 ut
783 3307 835 3350 et
876 3297 1287 3352 concitarentur
1334 3297 1403 3350 ad
1447 3298 1723 3367 convicia,
1764 3308 1820 3360 et
1866 3296 2124 3351 concitati
