2372 3918
885 232 1119 278 CLAUDI
1129 232 1217 276 US.
1817 247 1842 276 2
1853 230 1907 275 23

192 360 253 396 ac
295 361 456 419 super
495 341 594 397 lios
637 338 921 417 Polybium
958 358 990 393 a
1028 335 1249 407 studiis,
1281 335 1375 412 qui
1410 354 1549 411 saepe
1589 337 1731 391 iuter
1765 335 1904 392 duos

190 441 440 517 consules
498 439 851 499 ambulabat:
904 437 999 494 scd
1046 449 1174 493 ante
1225 456 1414 493 omnes
1467 437 1787 493 Narcissum
1838 437 1909 492 ab

192 541 458 620 epistolis,
488 554 542 599 et
573 539 873 598 Pallantem
907 559 937 595 a
971 538 1306 611 rationibus,
1346 556 1487 614 quos
1514 535 1735 592 decreto
1768 557 1906 613 quo-

191 663 298 718 que
328 655 545 699 senatus
578 662 686 698 non
711 640 945 719 praemiis
969 638 1135 695 modo
1164 637 1476 716 ingentibus
1496 680 1512 707 ‚
1547 635 1639 692 sed
1670 648 1725 692 et
1757 657 1907 712 quae·

192 744 372 800 storiis
407 743 782 822 praetoriisque
816 742 1154 797 ornamentis
1197 738 1459 796 honorari
1505 736 1679 795 libens
1714 758 1905 815 passus

192 859 298 918 est,
334 858 545 902 tantum
574 856 831 921 praeterea
865 843 1148 920 acquirere
1178 854 1233 898 et
1262 861 1481 919 rapere,
1522 852 1609 912 ut,
1641 850 1909 916 querente

190 968 255 1004 eo
282 946 558 1025 quondam
586 945 654 1002 de
676 945 798 1002 fisci
823 944 1147 1023 exiguitate,
1175 964 1285 1000 non
1314 940 1551 999 absurde
1569 942 1640 998 sit
1663 940 1873 998 dictum
1896 985 1912 1012 ‚
1964 983 1969 992 ,

190 1073 215 1099 «
243 1046 692 1120 Abundaturum,
747 1048 792 1104 si
851 1068 884 1103 a
939 1045 1153 1103 duobus
1209 1043 1419 1100 libertis
1465 1045 1523 1100 in
1564 1043 1906 1100 consortium

190 1150 536 1227 reciperetur.
566 1174 593 1203 »

268 1252 476 1307 XXIX.
505 1252 634 1324 His,
660 1263 723 1308 ut
750 1250 893 1324 dixi,
918 1248 1291 1326 uxoribusque
1319 1247 1596 1321 addictuS,
1615 1269 1726 1304 non
1750 1249 1906 1326 priu-

190 1351 367 1429 cipem
383 1395 399 1421 ,
429 1352 523 1409 sed
553 1352 867 1409 ministrum
880 1353 1009 1431 egit.
1030 1350 1375 1429 Compendio
1391 1352 1657 1430 cujusque
1673 1351 1874 1407 horum
1895 1394 1910 1422 ‚

191 1451 274 1509 vel
300 1454 464 1509 etiam
498 1452 680 1510 studio
708 1475 771 1510 ac
804 1453 1063 1526 libidine,
1095 1454 1367 1523 honores,
1400 1453 1700 1525 exercituS,
1733 1453 1912 1530 impu-

193 1553 415 1622 nitateS‚
457 1554 724 1633 supplicia
754 1554 982 1634 largitus
1010 1567 1092 1611 est
1121 1577 1133 1612 :
1169 1567 1224 1611 et
1258 1554 1480 1632 quidem
1524 1555 1759 1610 insciens
1792 1552 1903 1631 ple·

191 1675 424 1731 rumque
463 1667 518 1711 et
559 1657 798 1733 ignarus.
845 1659 923 1714 Ac
968 1677 1037 1711 ne
1076 1654 1394 1733 singillatim
1437 1656 1653 1711 minora
1692 1675 1914 1732 quoque

191 1776 531 1828 enumerem,
562 1768 842 1813 revocatas
862 1755 1212 1813 liberalitates
1241 1756 1384 1833 ejus,
1413 1755 1621 1833 judicia
1652 1757 1911 1828 rescissa,

188 1857 500 1933 suppositos
535 1869 630 1912 aut
657 1859 823 1914 etiam
852 1856 1033 1935 palam
1068 1858 1386 1914 immutatos
1415 1856 1671 1913 datorum
1702 1855 1909 1913 officio-

190 1977 313 2012 rum
352 1955 664 2030 codicillos;
707 1956 947 2036 Appium
992 1957 1263 2031 Silanum,
1305 1978 1661 2015 consocerum
1711 1979 1911 2029 suum,

186 2056 492 2134 Juliasque‚
544 2056 770 2116 alteram
822 2061 1025 2133 Drusi,
1073 2058 1299 2116 alteram
1343 2060 1658 2118 Germanici
1709 2058 1912 2131 filiam,

190 2159 422 2214 crimine
449 2159 687 2231 incerto,
717 2180 818 2216 nec
845 2158 1158 2216 defensione
1185 2159 1296 2216 ulla
1325 2159 1477 2232 data,
1503 2159 1704 2217 occidit
1731 2182 1744 2217 t
1779 2162 1911 2218 item

188 2260 292 2315 Cn.
336 2260 686 2336 Pompeium,
734 2261 955 2338 majoris
1005 2260 1129 2318 filiae
1177 2262 1385 2334 virum,
1432 2274 1486 2318 et
1531 2266 1596 2320 L.
1634 2262 1913 2334 Silanum,

189 2360 415 2416 minoris
463 2381 741 2438 sponsum.
788 2365 872 2419 Ex
923 2363 1122 2447 quibus
1159 2365 1454 2441 Pompeius
1510 2364 1567 2420 in
1612 2366 1911 2422 concubitu

190 2458 373 2516 dilecti
405 2460 795 2519 adolescentuli
835 2463 1117 2520 confossus
1150 2478 1231 2522 est
1261 2486 1273 2521 ε
1317 2464 1533 2522 Silanus
1569 2465 1825 2523 abdicare
1856 2487 1913 2523 sc

190 2573 428 2637 praetura
478 2574 607 2619 ante
662 2577 921 2641 quartum
974 2563 1232 2622 kalendas
1285 2566 1596 2643 januarias,
1661 2569 1914 2644 morique

191 2660 349 2718 initio
377 2663 507 2717 anni
539 2661 791 2735 coactuS,
823 2665 909 2721 die
935 2666 1054 2742 ipso
1085 2665 1303 2723 Claudii
1337 2678 1389 2722 et
1415 2667 1734 2745 Agrippinae
1772 2689 1916 2746 nup·
1947 2650 1952 2653 .

191 2764 408 2820 tiarum.
449 2766 514 2820 In
556 2765 801 2841 quinque
842 2776 896 2821 et
932 2766 1152 2843 triginta
1187 2779 1492 2840 senatores,
1528 2780 1912 2846 trecentosque

191 2862 427 2942 amplius
467 2866 675 2941 equites
714 2886 967 2922 romanos
1002 2877 1154 2922 tanta
1194 2865 1451 2923 facilitate
1490 2849 1911 2940 animadvertit,

193 2977 282 3035 ut,
336 2964 404 3021 de
453 2985 583 3022 nece
630 2964 931 3022 consularis
990 2966 1093 3022 viri
1145 2967 1506 3023 renunciante
1554 2970 1913 3040 centurione,

193 3090 220 3118 «
245 3065 449 3122 sactum
484 3087 597 3123 esse
626 3066 775 3144 quod
809 3068 1147 3145 imperasset,
1177 3091 1203 3120 »
1237 3080 1488 3145 negaret,
1535 3070 1828 3146 quicquam
1858 3092 1916 3126 se

194 3166 504 3243 imperasse,
533 3166 706 3223 nihilo
726 3170 907 3225 minus
936 3189 1047 3225 rem
1074 3169 1483 3246 comprobaret;
1508 3168 1914 3226 affirmantibus

196 3264 426 3338 libertis,
461 3266 640 3324 officio
671 3267 868 3325 milites
901 3268 1146 3342 functOS,
1183 3269 1331 3346 quod
1355 3269 1422 3326 ad
1453 3268 1716 3326 ultionem
1740 3272 1909 3348 impc-
