2372 3918
849 192 911 237 IN
950 189 1335 236 CALIGULAM.
1856 185 1948 242 245

308 289 589 334 Artabanus.
615 286 737 332 Vide
769 287 942 339 Tiber„
970 298 1095 329 ικνι.

308 366 519 428 Legati...
547 364 850 424 Euphratem.
874 363 1080 422 Legatus
1113 360 1189 404 hic
1221 358 1310 403 fuit
1333 358 1559 404 Vitellius.
1592 362 1808 421 loseph„
1838 366 1949 409 Ant.

242 442 348 486 lud.
364 474 380 497 ,
406 456 537 487 xvul
553 475 566 498 ,
591 440 619 485 6
654 456 666 484 2
701 451 845 489 Ταῦτα
871 446 1045 492 ἀκούσας
1076 445 1094 485 ὁ
1126 440 1303 498 Τιὲίριος
1324 441 1434 491 ἠξίου
1469 443 1600 498 φιλίαν
1636 446 1745 500 αὐτῷ
1766 448 1951 502 γενέσθαι

243 524 337 581 πρὸς
360 524 426 567 τὸν
450 516 739 581 Ᾰρτάῧανον....
771 520 838 564 ἰπὶ
871 522 937 563 τὸν
965 520 1173 576 Εὐφράτην
1219 524 1407 576 παρῆσαν
1442 519 1462 560 ὅ
1491 535 1535 560 τε
1561 511 1796 576 Ᾰρτοίὲοινος
1828 523 1898 565 καὶ
1933 525 1951 564 ὅ

244 586 478 648 Οὐῖτίλλιος.
505 599 590 642 Καὶ
620 597 779 648 ζεύξεως
813 601 883 639 τοῦ
910 600 1098 653 ποταμοῦ
1131 596 1366 652 γενομένης,
1403 595 1512 637 κατὰ
1535 612 1580 637 το
1609 597 1856 653 μεσαίτατον
1884 605 1954 647 τῆς

242 677 410 734 γεφύρας
443 676 631 724 ἀλλήλους
665 674 902 722 ὐπηντιοὶζον
929 671 1035 728 μετὰ
1070 676 1246 728 φυλακῆς
1277 671 1458 727 ἑκάτερος
1487 677 1557 720 τῆς
1591 671 1683 729 περὶ
1717 674 1850 716 αὐτόν.
1882 667 1950 713 Cf.

242 747 415 803 Dmm,
440 760 551 803 ux,
576 760 624 806 p.
649 744 759 790 661.

308 823 417 868 Cn.
443 823 550 867 XV.
575 821 853 881 Fratris-que.
885 818 1045 863 Minus
1075 825 1288 862 accurate
1302 818 1514 877 fratrum
1545 817 1660 863 dicit
1695 817 1812 875 Dio,
1846 833 1927 863 ux
1942 853 1954 875 ,

242 914 289 958 p.
314 898 409 954 642
435 913 448 943 2
474 904 537 947 Τοὶ
551 919 596 946 τε
614 904 715 945 ὀστᾶ
738 902 790 945 τοί
813 918 860 944 τε
883 906 953 950 τῆς
974 901 1120 958 μητρὸς
1141 900 1211 942 καὶ
1237 907 1315 943 τῶν
1351 897 1534 958 ἀδελφῶν
1558 906 1636 943 τῶν
1674 902 1952 945 ἀποθανόντων

244 982 360 1031 αὐτός
380 998 426 1023 τε
451 981 627 1028 πλεύσας
646 978 716 1022 καὶ
739 979 855 1027 αὐτὸς
877 978 1105 1034 αὐτοχειρίᾳ
1130 977 1359 1034 ἀνελόμενος
1390 979 1564 1034 ἐκόμισε.

314 1051 479 1096 Scena.
511 1051 570 1096 H.
595 1065 635 1094 e.
670 1057 927 1110 apparatu,
952 1062 1143 1108 pompa.

309 1126 570 1172 Mausoleo.
587 1126 788 1185 *Nempe
813 1124 1016 1185 Augusti
1038 1124 1271 1184 sepulcro.
1297 1123 1417 1181 Dio,
1449 1125 1479 1168 1.
1511 1138 1550 1168 c.
1591 1140 1602 1168 ε
1639 1131 1725 1174 Καὶ
1760 1135 1796 1181 ἐς
1821 1133 1865 1174 τὸ
1889 1138 1959 1175 τοῦ

242 1209 471 1266 Αὐγούστου
497 1214 638 1267 μνῆμα
660 1209 866 1251 κατέθετο.

312 1278 648 1323 Germanicum.
676 1272 794 1323 Inde
821 1277 1126 1323 Germanicas
1150 1277 1377 1322 kalendas
1402 1276 1517 1323 dicit
1539 1278 1678 1323 Mart.
1693 1313 1706 1335 ,
1729 1294 1802 1333 xx,
1829 1293 1881 1336 α,
1903 1285 1927 1333 4
1947 1294 1957 1322 :

419 1421 741 1464 Germanicarum
765 1436 904 1476 magua
929 1425 995 1464 lux
1022 1423 1290 1464 kalendarum.

314 1563 548 1609 Antonioe.
586 1562 703 1619 Dio,
743 1577 848 1619 mx,
888 1576 939 1622 p.
978 1563 1069 1616 641
1115 1580 1127 1608 :
1160 1572 1319 1617 Ταύτην
1355 1571 1430 1628 γὰρ
1471 1573 1704 1628 Αὐγούσταν
1743 1573 1849 1622 εὐθὺς
1893 1573 1961 1615 καὶ

246 1650 386 1706 ἱέρειαν
404 1652 474 1690 τοῦ
504 1648 735 1704 Αὐγούστου
755 1641 985 1696 ἀποδείξας.
1003 1640 1071 1685 Cf.
1091 1642 1313 1686 Gnrrzn.
1328 1676 1339 1698 ,
1357 1643 1576 1701 Inscrz'pt.
1604 1658 1651 1702 p.
1666 1658 1872 1687 ccxxxvx
1887 1677 1901 1702 ‚
1916 1659 1960 1704 9.

312 1719 395 1764 Ad
423 1718 475 1762 id
506 1727 702 1778 tempus.
737 1718 807 1762 Ita
844 1716 957 1773 Dio,
984 1716 1066 1761 ub.
1098 1733 1228 1778 sup.,
1262 1733 1309 1778 p.
1348 1719 1457 1772 644.
1493 1718 1642 1763 Addit
1674 1721 1740 1764 Cl.
1785 1720 1914 1764 Hase
1948 1736 1963 1763 .·

245 1817 263 1837 a
299 1792 539 1855 Legitimis
567 1793 830 1839 honoribus
862 1793 947 1854 qui
981 1792 1160 1838 aditum
1192 1794 1239 1838 in
1273 1795 1459 1840 Curiam
1489 1795 1680 1852 darent,
1713 1810 1738 1840 a
1771 1795 1962 1841 Tiberio

244 1870 477 1918 exclusus.
501 1891 522 1912 »ι

313 1949 499 1995 Sorores
531 1947 643 2006 ejus,
679 1948 793 2004 DiO,
818 1963 930 2005 mx,
953 1964 1000 2008 p.
1030 1948 1124 2004 646
1154 1965 1164 1993 :
1191 1956 1275 1999 Καὶ
1298 1958 1358 1999 ὅτι
1391 1957 1461 1999 καὶ
1486 1965 1590 2014 σφῶν
1622 1960 1766 2009 αὐτῶν,
1792 1956 1861 2000 καὶ
1885 1963 1962 2000 τῶν

244 2034 413 2084 τέκνων,
436 2030 504 2074 καὶ
528 2032 694 2083 ἐκεῖνον,
719 2029 788 2074 καὶ
809 2032 882 2081 τὰς
905 2028 1083 2090 οἷ’ἃελφὰς
1105 2035 1227 2076 αὐτοῦ
1250 2035 1562 2091 προτιμήσιυσιν
1591 2035 1769 2092 ὤμοσαν.

311 2102 631 2161 Fratrumque.
667 2101 752 2146 His
768 2101 899 2147 addit
918 2113 1106 2163 patrem
1130 2103 1250 2161 Dio,
1277 2105 1357 2149 ub.
1390 2121 1515 2165 sup.,
1544 2120 1590 2164 p.
1626 2106 1735 2160 642.

317 2178 641 2222 Concremavit.
670 2179 769 2221 Imo
794 2193 1089 2223 concremare
1110 2182 1354 2225 simulavit.
1380 2181 1472 2226 Dio
1487 2217 1499 2239 ‚
1533 2182 1611 2227 ub.
1638 2197 1741 2242 sup.
1772 2199 1783 2226 :
1816 2191 1895 2234 Ττζν
1920 2206 1965 2230 τε

250 2262 363 2318 ὀργὴν
389 2260 515 2317 ἀφεὶς,
537 2262 586 2309 ὡς
601 2262 733 2318 ἔλεγε,
756 2260 826 2303 καὶ
847 2261 902 2304 τὰ
928 2264 1157 2320 γράμματα
1182 2266 1312 2307 αὐτῶν
1341 2265 1613 2322 καταφλέξας,
1640 2269 1896 2323 παμπληθεῖς
1927 2266 1966 2314 ἐξ

251 2338 380 2378 αὐτῶν
417 2337 642 2379 ἀπέκτεινε.
669 2338 863 2394 Διέφθειρε
895 2338 966 2394 μὲν
1001 2339 1077 2396 γὰρ
1108 2341 1156 2388 ὡς
1190 2342 1341 2390 ἀληθῶς
1362 2342 1592 2398 γράμματα
1615 2342 1726 2393 τινὰ,
1757 2343 1799 2384 οὐ
1831 2342 1966 2399 μέντοι

251 2413 418 2455 κάκεῖνα
440 2413 494 2456 τὰ
528 2415 740 2469 αὐτόχειρα
777 2413 842 2455 τὸν
879 2412 1024 2470 dapne-h
1049 2417 1207 2473 ἔλεγχον
1240 2419 1407 2473 ἔχοντα,
1442 2418 1544 2460 ἀλλὰ
1577 2419 1805 2475 ἀντίγραφα
1834 2421 1965 2461 αὐτῶν

251 2490 435 2538 ποιήσας.

320 2571 429 2616 Cn».
478 2573 609 2618 XVI.
654 2574 749 2619 Titi
786 2577 993 2621 Labieni.
1034 2577 1104 2621 De
1140 2577 1232 2620 hoc
1262 2575 1370 2621 vide
1406 2576 1608 2631 Sanno„
1647 2578 1796 2623 Coner.
1835 2595 1879 2635 v,
1919 2581 1967 2624 in

254 2647 485 2707 prooemio
508 2664 520 2693 :
550 2668 570 2689 «
594 2651 734 2696 Calor
756 2652 980 2699 orationis
1006 2679 1073 2688 —-
1095 2652 1202 2698 libri
1234 2652 1609 2698 incenderentur.
1636 2672 1657 2695 ι

323 2723 462 2769 Cordi
485 2724 713 2772 Clematii.
736 2728 857 2775 Vide
889 2730 1036 2775 Tiber.
1053 2763 1069 2786 ,
1098 2746 1193 2777 mu.

327 2800 476 2845 Cassii
495 2802 657 2847 Severi.
682 2805 754 2849 De
778 2821 876 2866 quo
897 2807 1044 2853 Tacit.
1062 2843 1075 2866 ‚
1105 2810 1282 2854 Annal.
1302 2840 1315 2861 ,
1348 2823 1365 2853 ¹
1380 2843 1394 2866 ‚
1419 2824 1478 2866 72
1506 2825 1516 2852 :
1544 2829 1561 2848 α
1590 2808 1769 2854 Primus
1801 2812 1970 2870 Augu-

257 2886 354 2922 stus
376 2878 693 2940 cognitionem
716 2880 777 2927 de
799 2882 986 2930 famosis
1015 2884 1206 2942 libellis,
1229 2884 1382 2944 specie
1404 2885 1519 2947 legis
1550 2885 1651 2944 ejus
1668 2883 1970 2950 (majestatis),

257 2954 496 3014 tractavit,
523 2965 785 3005 commotus
808 2959 952 3005 Cassii
974 2961 1133 3007 Severi
1158 2960 1377 3019 libidine,
1400 2977 1494 3022 qua
1529 2962 1655 3007 viros
1682 2962 1971 3023 feminasque

257 3028 456 3077 illustres
478 3034 758 3093 procacibus
787 3035 969 3096 scriptis
1001 3037 1336 3084 diffamaverat.
1357 3059 1375 3077 υ

263 3102 267 3107 ’
323 3109 545 3153 Rationes
568 3109 766 3170 imperil.
791 3110 913 3158 Vide
944 3121 1091 3175 Aug„
1125 3131 1213 3160 cn.

322 3186 628 3231 Determzlmus.
653 3188 833 3248 Nempe
857 3203 1059 3235 secessus
1082 3198 1293 3252 tempore
1307 3225 1320 3247 ,
1336 3200 1452 3237 teste
1478 3191 1614 3236 Dion.
1629 3226 1640 3245 ‚
1659 3206 1736 3236 ux
1752 3227 1763 3247 ‚
1781 3209 1825 3252 p.
1847 3194 1938 3248 646
1959 3211 1968 3238 ε
