2372 3918
340 245 402 293 66
1000 245 1050 292 C.
1084 245 1371 293 SUETONII

339 369 460 407 rum
499 347 759 425 januarii,
811 368 983 426 quum
1028 370 1188 406 mane
1236 370 1338 426 pro
1387 347 1498 404 aede
1545 345 1842 423 Capitolini
1889 348 2036 403 Jovis

337 446 624 527 paululum
657 447 836 506 curuli
876 446 1007 505 sella
1057 447 1416 525 praesedisset,
1464 448 1673 503 honore
1718 445 1886 516 abiit,
1935 447 2039 503 suf-

339 548 480 604 fecto
502 545 609 604 alio
639 549 694 604 in
725 547 905 604 locum
933 567 1110 603 suum.
1140 549 1255 604 Nec
1283 567 1472 603 omnes
1504 549 1714 615 Romae,
1751 545 1845 601 sed
1875 566 2038 620 quar-

339 659 455 704 tum
487 646 830 705 consulatum
861 647 917 703 in
947 647 1099 716 Asia,
1128 647 1380 723 quintum
1418 647 1474 702 in
1511 644 1685 702 insula
1726 647 1912 716 Sam0,
1950 666 2039 700 oc-

337 758 523 804 tavum
556 758 610 803 et
635 731 842 802 nonum
868 747 1176 802 Tarracone
1209 746 1347 801 iniit.
1841 754 1844 755 ’

412 848 645 913 XXVII.
691 845 1120 915 Triumviratum
1152 842 1462 921 reipublicae
1496 842 1888 909 constituendae
1941 863 2038 920 per

338 947 522 1003 decem
552 965 724 1001 annos
758 943 1159 1001 administravit
1194 965 1206 999 :
1239 944 1295 1000 in
1331 963 1442 1020 quo
1468 944 1668 1006 restitit
1697 943 1914 1020 quidem
1942 942 2039 999 ali-

336 1045 596 1124 quamdiu
626 1042 874 1122 collegis,
909 1065 977 1101 ne
1012 1064 1120 1121 qua
1153 1042 1307 1100 fieret
1338 1043 1693 1120 proscripti0,
1727 1042 1820 1098 sed
1854 1043 2039 1119 incep-

335 1158 448 1203 tam
480 1157 711 1222 utroque
747 1145 995 1202 acerbius
1027 1145 1285 1201 exercui&
1318 1145 1573 1222 Namque
1613 1141 1720 1199 illis
1764 1144 1820 1199 in
1849 1142 2041 1199 multo-

334 1268 459 1303 rum
511 1266 651 1323 saepe
696 1266 985 1324 personam
1035 1265 1133 1323 per
1186 1245 1415 1324 gratiam
1458 1256 1512 1302 et
1559 1263 1745 1322 preces
1794 1244 2040 1310 exorabi-

333 1345 503 1416 libus,
540 1344 686 1402 solus
714 1366 915 1423 magno
943 1366 1104 1422 opere
1135 1344 1444 1414 contendit,
1471 1364 1540 1400 ne
1574 1345 1662 1400 cui
1697 1355 2036 1421 parceretur3

333 1445 761 1523 proscripsitque
799 1445 961 1502 etiam
983 1446 1046 1500 C.
1068 1444 1364 1500 Toranium
1400 1455 1638 1499 tutorem
1672 1463 1859 1513 suum,
1890 1463 2040 1498 eum·
2088 1504 2093 1509 ⁴

333 1544 566 1621 demque
596 1541 861 1621 collegam
890 1543 1061 1621 patris
1097 1543 1180 1599 sui
1210 1542 1425 1599 Octavii
1459 1543 1517 1598 in
1547 1541 1817 1598 aedilitate.
1847 1542 2041 1599 Junius

334 1644 661 1702 Saturninus
690 1644 794 1700 hoc
820 1642 1052 1719 amplius
1074 1641 1273 1698 tradit:
1295 1643 1483 1715 Quum
1515 1655 1734 1720 peracta
1764 1644 2042 1720 proscrip-

334 1744 481 1800 tione
524 1745 603 1799 M.
653 1741 894 1820 Lepidus
944 1744 1002 1798 in
1042 1753 1233 1798 senatu
1280 1753 1586 1798 excusasset
1633 1743 1934 1819 praeterita,
1987 1755 2042 1799 et

335 1863 489 1920 spem
541 1841 840 1899 clementiae
881 1842 939 1897 in
986 1853 1266 1918 posterum
1313 1841 1550 1913 fecisset,
1598 1842 1860 1917 quoniam
1907 1843 2036 1898 satis

333 1962 618 2019 poenarum
649 1953 900 1997 exactum
929 1952 1096 2010 esset3
1124 1941 1274 1996 hunc
1302 1960 1332 1995 e
1361 1940 1574 1996 diverso
1603 1940 1934 2018 professum,
1965 1943 2040 1998 ita
2082 1959 2089 1963 ·

333 2040 559 2097 modum
593 2060 648 2095 se
677 2038 1052 2116 proscribendi
1083 2039 1356 2111 statuisse,
1391 2051 1454 2094 ut
1479 2040 1662 2097 omnia
1685 2041 1786 2096 sibi
1817 2039 2042 2117 relique-

331 2141 404 2196 rit
437 2139 623 2196 libera.
656 2142 723 2195 In
760 2139 917 2215 cujus
950 2125 1147 2194 tamen¹
1167 2139 1476 2215 pertinaciae
1510 2131 1889 2215 poenitentiam
1924 2163 2043 2218 pos-

332 2253 422 2296 tea
451 2241 514 2295 T.
549 2239 777 2320 Vinium
815 2237 1305 2315 Philopoemenem,
1349 2237 1499 2314 quod
1542 2251 1839 2315 patronum
1878 2260 2038 2314 suum

331 2333 700 2417 proscriptum
742 2336 941 2394 celasse
975 2335 1108 2393 olim
1152 2336 1446 2410 diceretur,
1491 2341 1728 2413 equestri
1775 2339 2039 2416 dignitate

329 2439 638 2503 honoravit.
672 2424 737 2497 In
777 2437 966 2493 eadem
1000 2436 1104 2493 hac
1139 2448 1405 2513 potestate
1455 2437 1746 2514 multiplici
1787 2438 2038 2517 flagravit

328 2537 549 2594 invidia.
586 2539 733 2594 Nam
764 2547 816 2591 et
858 2535 1166 2606 Pinarium,
1209 2535 1446 2611 equitem
1486 2557 1803 2610 romanum,
1834 2560 2038 2615 quum,

329 2636 688 2705 concionante
728 2655 808 2706 se,
838 2633 1073 2689 admissa
1117 2633 1279 2690 turba
1309 2654 1673 2711 paganorum,
1715 2636 1862 2713 apud
1890 2637 2034 2693 mili-

327 2735 777 2802 tessubscribere
815 2733 1061 2810 quaedam
1106 2733 1604 2808 animadvertisset,
1650 2737 1929 2793 curiosum
1972 2759 2035 2795 ac

327 2834 724 2914 speculatorem
762 2845 937 2906 ratuS,
983 2853 1165 2889 coram
1212 2833 1431 2890 confodi
1464 2834 1794 2912 imperavit:
1840 2848 1895 2893 et
1929 2829 2036 2893 &Te-

327 2926 479 2992 dium
503 2935 726 3007 Afrum,
747 2932 1028 2991 consulem
1058 2933 1398 3011 designatum
1415 2977 1430 3005 ,
1466 2935 1594 3010 quia
1621 2934 1823 2991 factum
1857 2936 2032 3012 quod-

326 3035 453 3092 dam
488 3055 648 3092 suum
687 3033 928 3111 maligno
973 3054 1222 3090 sermone
1252 3034 1572 3109 carpsisset,
1609 3036 1774 3091 tantis
1811 3047 2029 3091 conter-

325 3137 438 3197 ruit
468 3137 655 3207 minis,
690 3148 752 3191 ut
779 3136 824 3191 is
854 3155 910 3191 se
938 3133 1375 3210 praecipitaverit.
1408 3136 1478 3188 Et
1505 3136 1576 3210 Q.
1596 3133 1839 3190 Gallium
1857 3178 1872 3207 ,
1897 3157 2031 3213 prae-

324 3248 527 3306 torem,
569 3235 645 3290 pin
682 3234 878 3302 'officio
925 3230 1263 3288 salutationis
1312 3215 1548 3290 tabellas
1587 3232 1829 3310 duplices
1886 3249 2031 3293 veste
