2372 3918
417 330 509 374 206
1182 326 1371 372 NOTAE

480 425 791 485 Asclepiadis.
816 427 888 470 De
910 423 1001 470 hoc
1031 422 1147 469 nihil
1181 431 1475 483 compertum
1503 439 1512 466 :
1543 431 1667 466 certe
1698 421 1948 484 AEgyptius
1982 430 2079 467 erat
2116 439 2140 467 a

415 518 561 548 nomo
587 504 837 558 Mendete,
865 518 950 549 seu
971 503 1249 558 Mende-51⁰0,
1282 517 1340 546 ex
1363 501 1517 547 strab.
1532 536 1545 559 ,
1569 516 1677 545 xvu
1691 535 1705 558 ,
1727 514 1776 560 p.
1809 498 1902 547 552
1932 517 1943 545 :
1967 495 2075 564 Ῠπὶρ
2093 504 2141 549 δὲ

415 586 462 628 τὸ
489 581 722 634 Μενδήσιον
748 586 884 645 στόμα
910 584 981 629 καὶ
1010 587 1056 628 τὸ
1082 586 1251 629 Τανικὸν
1267 619 1278 637 ,
1306 586 1424 642 λίμνη
1451 585 1630 642 μεγάλη,
1654 581 1722 627 καὶ
1748 584 1768 625 ὁ
1800 579 2031 631 Mami-Act&
2055 584 2142 625 ἐστι

414 661 543 720 νόμος.

484 733 538 777 Ρ.
563 732 816 794 Nigidium.
835 733 943 778 Scil.
967 732 1184 794 Figulum
1199 765 1214 790 ,
1230 740 1519 789 senatorem,
1536 730 1596 776 de
1619 745 1718 790 quo
1734 731 1935 786 Lucam,
1960 746 2003 785 1,
2018 728 2140 783 640:
2168 751 2176 762 ·

594 888 645 928 At
662 886 818 940 Figulus
839 886 903 927 cui
925 899 1018 926 cura
1042 885 1135 926 deos
1146 915 1158 935 ‚
1175 893 1403 942 secretaque
1420 884 1510 926 coeli

590 955 712 1001 Nosse
727 955 822 1005 fuit,
846 969 966 1010 quem
987 969 1071 995 non
1088 955 1290 996 stellarum
1308 954 1489 1008 AEgyptia
1512 953 1714 1009 Memphis

593 1029 777 1079 AEquaret
795 1025 880 1066 visu
893 1056 905 1076 ,
923 1024 1176 1079 numerisque
1197 1024 1447 1066 moventibus
1467 1032 1583 1065 astra.

417 1170 488 1217 Cf.
519 1173 696 1226 me„
725 1187 845 1227 va,
869 1187 918 1232 p.
945 1187 1065 1230 270,
1093 1181 1141 1217 et
1164 1173 1338 1229 Gau„
1367 1186 1479 1229 xIx,
1511 1178 1583 1226 14.

484 1249 674 1294 Natum.
698 1248 815 1307 Dio,
838 1250 929 1295 loc.
957 1248 1033 1294 cit·
1061 1265 1072 1292 :
1099 1257 1308 1303 Δεσπότην
1325 1258 1421 1314 ἡμῖν
1447 1257 1707 1314 γεγέννηκας.
1721 1247 1872 1295 Addit
1888 1264 1900 1291 2
1919 1253 2004 1297 Καὶ
2027 1256 2146 1297 αὐτὸν

418 1332 721 1389 ἐκταραχθέντα
749 1331 816 1374 ἐπὶ
837 1333 992 1391 τούτῳ,
1015 1330 1084 1375 καὶ
1117 1329 1346 1391 διαφθεῖραι
1368 1334 1415 1375 τὸ
1439 1328 1608 1375 παιδίον
1628 1333 1878 1380 ἐθελήσαντα
1894 1331 2080 1387 ἐπέσχεν.

481 1402 779 1463 Exuvicquue.
795 1403 944 1448 Erant
968 1410 1078 1464 toga
1099 1401 1250 1462 picta,
1275 1411 1322 1448 et
1336 1402 1499 1449 tunica
1518 1402 1740 1463 palmata.
1757 1403 1923 1448 Juveu.
1939 1435 1952 1458 ,
1975 1417 2028 1458 x,
2054 1400 2115 1447 38
2133 1417 2145 1445 z

591 1542 638 1581 In
659 1540 795 1582 tunica
817 1540 928 1581 Jovis
952 1548 992 1581 et
1015 1540 1130 1595 pictae
1149 1555 1312 1583 sarrana
1329 1540 1523 1583 ferentem

590 1615 648 1653 Ex
667 1611 846 1653 humeris
864 1613 987 1663 aulaea
1005 1621 1117 1667 togae.

486 1746 535 1791 C.
558 1748 776 1792 Drusum.
810 1749 867 1792 In
898 1748 1116 1793 oratione
1140 1763 1234 1810 qua
1258 1747 1327 1794 illi
1355 1748 1636 1809 parentavit.

478 1825 604 1869 Loco
622 1826 788 1884 plano.
818 1825 1112 1888 Intelligend.
1141 1828 1284 1871 imum
1307 1828 1551 1880 conclave,
1582 1822 1855 1885 oppositum
1877 1822 2019 1878 turri,
2043 1838 2148 1882 quae

414 1901 463 1945 in
486 1901 650 1947 eadem
674 1901 821 1947 domo
845 1911 971 1962 erat,
996 1911 1120 1948 auct.
1151 1904 1339 1949 Muller.
1369 1903 1421 1947 in
1443 1902 1616 1961 Sched2

482 1979 741 2040 Campanae
762 1980 872 2025 vioe.
902 1983 1018 2039 Quae
1040 1980 1197 2027 media
1221 1990 1322 2027 erat
1343 1980 1469 2026 inter
1491 1980 1754 2026 Ostiensem
1774 1988 1820 2023 et
1844 1977 2066 2039 Appiam,
2089 1992 2148 2022 ex

412 2055 904 2117 FabrettsInscrcjpt„
935 2073 984 2117 p.
1013 2056 1123 2113 481.

478 2135 737 2180 Retulisset.
768 2134 898 2180 Audi
921 2135 980 2181 de
1002 2130 1048 2179 h.
1083 2136 1112 2180 l.
1139 2134 1206 2179 Cl.
1234 2136 1363 2179 Hase
1387 2152 1402 2179 :
1438 2134 1691 2196 «Intelligo
1726 2149 1833 2179 cum
1870 2134 2052 2178 Ernest.
2085 2134 2147 2178 de

411 2210 595 2271 digitis,
624 2211 763 2272 pueri
796 2213 975 2258 labellis
1002 2212 1258 2273 impositis,
1287 2211 1460 2258 deinde
1492 2213 1555 2258 ad
1577 2227 1662 2258 sua
1684 2205 1912 2268 admotis,
1943 2226 2043 2271 quo
2063 2226 2147 2257 os·-

411 2289 569 2333 culum
593 2289 653 2333 ab
686 2290 767 2335 illo
793 2289 855 2335 ad
877 2305 926 2335 se
947 2304 1113 2335 revera
1132 2288 1441 2334 referebatur.
1470 2309 1503 2355 a».

345 2355 347 2357 ¹
476 2367 753 2426 Flagellum.
790 2369 880 2412 Per
895 2365 1151 2428 flagellum
1179 2365 1430 2426 imperium
1467 2364 1823 2430 significabatur
1859 2373 1905 2410 et
1932 2364 2145 2425 peritura

411 2442 616 2488 libertas.
640 2442 760 2488 Inde
791 2444 992 2489 Juvenal
1014 2442 1131 2488 dicit
1158 2443 1218 2489 de
1243 2443 1399 2500 sulio,
1427 2459 1485 2501 x,
1516 2459 1612 2504 109
1638 2457 1650 2487 ε

574 2590 647 2660 Ad
669 2607 744 2637 sun
760 2595 831 2650 qui
849 2595 1020 2637 domitos
1037 2595 1204 2638 deduxit
1220 2596 1344 2651 flagra
1360 2596 1550 2649 Quirites.

482 2741 531 2783 Is
554 2739 682 2785 ordo.
708 2737 815 2785 Scil.
840 2737 1120 2785 senatorius.

477 2816 817 2862 Mathematici.
854 2817 913 2864 H.
951 2817 984 2863 1.
1023 2816 1327 2879 genethliaci,
1369 2816 1435 2863 sie
1468 2815 1584 2862 dicti
1613 2814 1727 2876 quia
1759 2814 1970 2860 siderum
2001 2829 2142 2860 cursu

412 2893 700 2940 nascentium
732 2909 912 2952 mores,
949 2902 1082 2940 actus
1119 2901 1167 2940 et
1199 2901 1394 2940 eventus
1421 2891 1679 2954 praedicare
1710 2890 1916 2958 student.
1945 2891 2110 2935 Juven.
2127 2924 2141 2947 ,

413 2986 514 3027 x1v,
551 2970 646 3026 248
681 2987 692 3015 ε

583 3118 688 3159 Nota
705 3116 994 3160 mathematicis
1012 3117 1163 3171 genesis
1182 3124 1263 3158 tua.
1292 3147 1303 3157 .
1329 3147 1340 3157 .
1366 3147 1377 3157 .

476 3256 742 3318 Per-gulam.
769 3259 949 3303 Locum
973 3256 1143 3303 aedium
1167 3255 1415 3302 editiorem
1428 3290 1441 3313 ‚
1464 3269 1607 3315 super
1630 3260 1805 3299 tectum
1829 3249 2105 3297 aedificatum
2125 3284 2139 3306 ‚

371 3354 373 3357 ·
411 3346 555 3391 graeee
577 3341 763 3397 ὖπιρῷον.

2359 3243 2372 3250 4
2355 3205 2372 3222 'i
2355 3177 2372 3195 ⁵.
2352 3128 2372 3169 ‘'‘f
2355 3079 2372 3122 *μὲι
2353 2942 2372 3069 υἷι-..Ὦ
2363 2918 2372 2937 Η.
