2372 3918
782 231 1089 279 OCTAVIUS
1112 231 1454 278 AUGUSTUS.
1907 247 1968 294 79

260 337 653 415 quinquaginta
678 336 991 393 cubitorum
1009 354 1112 411 pro
1130 335 1383 391 Comitio.
1407 334 1617 392 Accidit
1637 338 1834 395 votivis
1855 339 1971 396 Cir-

260 437 532 509 censibus,
565 448 627 494 ut
657 447 938 513 correptus
974 433 1309 507 valetudine,
1329 433 1514 491 lectica
1540 436 1769 510 cubanS,
1789 450 1969 495 tensas

261 538 550 595 deduceret
584 558 597 594 ε
629 557 818 593 rursus
856 535 1237 592 commissione
1271 534 1556 609 ludorum,
1588 537 1787 613 quibus
1827 540 1970 596 thea-

263 651 407 695 trum
423 635 668 696 Marcelli
698 635 1002 707 dedicabat,
1030 636 1238 708 evenit,
1268 649 1358 705 ut,
1387 634 1578 694 laxatis
1605 635 1749 693 sellae
1765 639 1967 695 curulis

262 738 615 816 compagibus
631 780 647 808 ,
679 735 896 793 caderet
929 738 1175 815 supinus.
1195 738 1476 814 Nepotum
1498 758 1719 815 quoque
1745 759 1971 796 suorum

262 858 519 907 munere,
551 857 720 914 quum
755 848 1164 893 consternatum
1198 838 1370 894 ruinae
1405 850 1554 894 metu
1590 838 1857 915 populum
1893 860 1969 895 re·

264 940 436 994 tinere
466 949 518 994 et
549 936 873 994 confirmare
916 935 1070 994 nullo
1102 937 1267 994 modo
1299 950 1508 1015 posset,
1542 941 1763 996 transiit
1787 961 1817 996 e
1849 939 1971 998 loco

262 1059 387 1107 suo,
417 1050 582 1115 atque
623 1038 679 1093 in
709 1058 773 1094 ea
801 1049 957 1115 parte
997 1037 1272 1108 consedit,
1299 1059 1421 1115 quae
1454 1052 1705 1116 suspecta
1742 1042 1974 1098 maxime

260 1150 392 1197 erat.
1719 1124 1721 1126 η

342 1241 544 1296 XLIV.
593 1238 887 1318 Spectandi
904 1239 1340 1296 confusissimum
1366 1260 1428 1296 ac
1446 1238 1839 1297 solutissimum
1858 1263 1974 1298 mo-

266 1357 379 1393 rem
440 1339 674 1395 correxit
722 1339 1127 1417 ordinavitque,
1185 1352 1366 1397 motus
1423 1340 1621 1417 injuria
1679 1344 1940 1398 senatoris
1959 1385 1974 1411 ‚

265 1458 430 1516 quem
448 1438 690 1497 Puteolis
717 1461 816 1517 per
840 1439 1216 1497 celeberrimos
1241 1439 1401 1497 ludos
1427 1461 1682 1498 consessu
1703 1441 1972 1518 frequenti

269 1558 430 1595 nemo
458 1552 748 1617 receperat.
788 1543 951 1597 Facto
979 1541 1151 1619 igitur
1189 1540 1406 1597 decreto
1433 1553 1678 1618 patrum,
1714 1553 1808 1614 ut,
1838 1562 1974 1618 quo·

209 1650 211 1653 '
270 1639 367 1694 ties
406 1638 538 1715 quid
583 1638 880 1716 spectaculi
925 1659 1155 1715 usquam
1195 1639 1412 1716 publice
1450 1639 1725 1713 ederetur,
1767 1642 1975 1716 primus

268 1736 647 1794 subselliorum
693 1738 829 1794 ordo
868 1751 1085 1794 vacaret
1134 1738 1511 1809 senatoribus;
1543 1719 1735 1795 Romae'
1770 1737 1976 1817 legatos

269 1835 562 1894 liberarum
614 1838 989 1914 sociarumque
1046 1838 1291 1916 gentium
1349 1838 1524 1895 vetuit
1578 1839 1633 1893 in
1690 1839 1971 1895 orchestra

271 1937 574 2010 considere,
600 1959 804 2014 quum,
823 1937 1091 2015 quosdam
1121 1939 1284 1999 etiam
1316 1936 1555 1994 libertini
1584 1939 1794 2015 generis
1812 1940 1975 2009 mitti,

271 2038 721 2115 deprehendisset.
772 2038 1003 2095 Militem
1059 2040 1285 2095 secrevit
1325 2060 1357 2095 a
1406 2038 1629 2116 populO.
1685 2040 1901 2096 Maritis
1942 2061 1972 2096 e

274 2137 427 2216 plebe
458 2139 706 2215 proprios
737 2138 954 2194 ordines
997 2139 1294 2216 assignavit
1321 2160 1335 2194 ε
1365 2140 1694 2216 praetextatis
1737 2160 1974 2195 cuneum

276 2259 462 2311 suum,
478 2250 533 2294 et
560 2239 871 2316 proximum
892 2237 1200 2316 paedagogis
1233 2259 1246 2294 ε
1273 2239 1557 2314 sanxitque
1575 2281 1590 2310 ,
1619 2234 1690 2294 vne
1718 2240 1839 2315 quis
1861 2238 1979 2316 pul-

276 2335 512 2394 latorum
568 2337 744 2394 media
793 2357 957 2393 cavea
1004 2337 1229 2394 sederet.
1276 2338 1514 2394 Feminis
1552 2358 1621 2394 ne
1653 2337 1978 2415 gladiatores

275 2437 691 2514 quidem,.quos
735 2436 1038 2513 promiscue
1080 2437 1311 2513 spectari
1356 2434 1595 2492 solemne
1647 2435 1776 2492 olim
1833 2450 1978 2508 erat,

279 2538 382 2593 nisi
408 2558 473 2593 ex
511 2538 786 2614 superiore
823 2535 944 2593 loco
992 2548 1236 2614 spectare
1274 2538 1538 2593 concessit
1569 2535 1715 2592 solis,
1744 2538 1979 2614 Virgini-

278 2635 381 2691 bus
406 2634 697 2694 vestalibus
725 2634 905 2692 locum
923 2638 978 2692 in
995 2637 1209 2692 theatro
1227 2636 1542 2713 separatim,
1561 2648 1615 2692 et
1640 2647 1829 2692 contra
1848 2657 1980 2713 prae-

279 2737 413 2792 toris
457 2735 699 2791 tribunal
738 2735 902 2791 dedit.
931 2735 1293 2792 ·At·hletarum
1339 2756 1469 2791 vero
1509 2734 1821 2812 spectaculo
1862 2757 1979 2791 mu-

282 2834 449 2892 liebre
499 2854 651 2891 secus
692 2853 880 2889 omnes
922 2832 1057 2888 adeo
1101 2835 1426 2906 summovit,
1472 2846 1536 2890 ut
1576 2833 1975 2911 pontificalibus

284 2932 426 2990 ludis
466 2931 714 3011 pugilum
765 2952 864 3009 par
915 2930 1248 3009 postulatum
1290 2931 1562 2988 distulerit
1604 2933 1661 2988 in
1707 2933 1979 3009 sequentis

284 3032 393 3088 diei
436 3034 764 3089 matutinum
812 3043 1057 3109 tempus,
1100 3030 1464 3106 edixeritque,
1504 3030 1806 3088 «Mulieres
1852 3043 1979 3086 ante

244 3201 247 3206 ,
286 3133 475 3189 horam
505 3132 750 3209 quintam
778 3131 961 3187 venire
990 3132 1045 3186 in
1079 3131 1381 3202 theatrum,
1408 3150 1517 3186 non
1555 3128 1785 3206 placere.
1807 3155 1832 3181 υ

365 3235 535 3289 XLV.
579 3234 701 3307 Ipse
739 3231 1003 3291 circenses
1043 3251 1106 3286 ex
1138 3230 1433 3286 amicorum
1482 3228 1591 3285 fere
1635 3227 1980 3285 libertorum-
