2372 3918
994 265 1193 312 TITUS.
1909 267 1966 326 39

231 374 342 430 suto
373 372 491 430 dari
514 416 530 441 ‚
553 398 580 427 ω
609 372 653 429 si
679 370 813 450 quid
845 381 1108 448 praeterea
1136 369 1539 441 desiderarent,
1565 372 1895 448 promittens
1915 391 1973 427 se

232 475 574 532 tributurum
623 495 635 529 ε
679 484 734 530 et
764 470 1052 528 confestim
1086 469 1312 548 quidem
1348 469 1418 527 ad
1448 468 1675 527 alterius
1712 484 1972 541 matrem,

231 596 353 652 quae
387 573 581 655 procul
610 573 836 642 aberat,
876 590 1129 651 cursores
1157 591 1285 628 suos
1313 570 1464 628 misit
1483 614 1500 637 ‚
1532 571 1628 648 qui
1663 573 1839 627 anxiae
1870 569 1975 628 sal·

234 696 368 733 vum
394 675 571 733 filium
606 665 954 732 nunciarent.
991 675 1253 731 Ceterum
1281 673 1428 751 ipsos
1458 693 1571 728 non
1604 670 1786 727 solum
1821 671 1977 727 fami-

236 775 360 835 liari
391 797 562 835 coenae
592 774 877 845 adhibuit,
906 773 1003 831 sed
1037 785 1093 831 et
1133 773 1447 852 insequenti
1489 772 1577 829 die
1605 771 1976 851 gladiatorum

232 876 550 956 spectaculo
583 878 724 934 circa
758 897 815 933 se
848 896 917 933 ex
966 874 1236 933 industria
1284 873 1593 943 collocatis,
1637 871 1824 929 oblata
1869 872 1977 928 sibi

230 973 563 1036 ferramenta
608 979 980 1057 pugnantium
1041 975 1381 1055 inspicienda
1428 975 1692 1054 porrexit.
1750 974 1978 1031 Dicitur

230 1083 426 1152 etiam,
455 1081 680 1160 cognita
707 1079 997 1158 utriusque
1019 1081 1276 1158 genitura
1292 1122 1308 1150 ‚
1333 1102 1361 1132 α
1386 1077 1680 1134 imminere
1703 1075 1977 1132 ambobus

231 1181 566 1260 periculum,
579 1207 607 1237 »
634 1181 970 1241 affirmasse:
991 1202 1219 1239 «verum
1237 1180 1605 1259 quandoque,
1624 1191 1678 1235 et
1695 1178 1765 1236 ab
1788 1176 1898 1234 alio
1921 1198 1934 1234 :
1955 1203 1982 1229 n

230 1284 601 1342 sicut‘evenit.
633 1287 883 1345 Fratrem
903 1329 919 1359 ‚
949 1284 1198 1342 insidiari
1235 1285 1338 1342 sibi
1368 1304 1484 1341 non
1516 1282 1858 1340 desinentem
1886 1278 1979 1336 sed

230 1408 386 1463 paene
417 1408 484 1445 ex
533 1388 785 1473 professo
832 1386 1223 1445 sollicitantem
1271 1373 1578 1457 exercitus,
1621 1383 1979 1441 meditantem

232 1490 419 1568 fugam
442 1533 456 1560 ,
489 1511 592 1547 nec
638 1489 921 1559 occidere,
956 1510 1137 1567 neque
1165 1508 1463 1567 seponere,
1494 1508 1558 1543 ac
1591 1507 1659 1542 ne
1682 1487 1737 1542 in
1768 1486 1983 1540 minore

235 1591 458 1667 quidem
489 1591 702 1648 honore
724 1592 928 1648 habere
958 1591 1224 1648 sustinuit
1252 1611 1265 1646 ε
1300 1587 1397 1646 sed
1415 1632 1430 1660 ‚
1457 1601 1517 1646 ut
1539 1610 1570 1645 a
1601 1589 1785 1667 primo
1815 1587 1984 1663 impe-

235 1693 302 1748 rii
332 1691 421 1749 die
441 1734 456 1763 ,
491 1705 803 1750 consortem
840 1712 1323 1769 successoremque
1356 1691 1548 1746 testari
1581 1687 1984 1768 perseveravit3

234 1815 636 1871 nonnunquam
675 1807 887 1851 secreto
931 1794 1187 1872 precibus
1235 1806 1289 1848 et
1321 1791 1578 1869 lacrymis
1625 1811 1816 1859 oram,
1869 1812 1896 1839 α
1922 1799 1986 1844 ut

236 1894 455 1951 tandem
483 1907 680 1952 mutuo
711 1916 842 1974 erga
874 1916 931 1952 se
960 1896 1147 1952 animo
1185 1892 1351 1950 vellet
1386 1914 1519 1949 esse.
1550 1917 1576 1944 ι)

315 1998 384 2053 X.
413 1999 570 2052 Inter
606 1998 722 2053 haec
753 2007 935 2052 morte
959 2008 1273 2074 praeventus
1305 2006 1421 2067 est,
1451 1993 1662 2071 majore
1690 1991 1983 2048 hominum

182 2170 185 2177 ι
235 2098 472 2169 damn0‚
517 2119 681 2175 quam
729 2118 846 2154 su0.
897 2094 1235 2175 Spectaculis
1282 2094 1551 2152 absolutis
1571 2138 1585 2167 ,
1638 2095 1691 2150 in
1742 2114 1983 2172 quorum

237 2198 347 2254 fine
383 2197 595 2277 populo
639 2220 828 2255 coram
870 2198 1109 2255 ubertim
1148 2197 1408 2270 fleverat,
1447 2197 1684 2254 Sabinos
1720 2196 1855 2274 petit
1883 2193 1984 2251 ali·

239 2312 447 2377 quanto
473 2300 705 2371 tristior,
731 2299 883 2378 quod
907 2299 1238 2358 sacrificanti
1264 2299 1446 2356 hostia
1476 2298 1792 2377 aufugerat,
1814 2297 1991 2376 quod·

238 2423 348 2478 que
383 2415 711 2480 tempestate
737 2423 930 2459 serena
956 2414 1229 2459 tonuerat.
1265 2401 1482 2460 Deinde
1511 2401 1580 2458 ad
1612 2403 1849 2480 primam
1880 2412 1987 2457 sta-

239 2506 336 2559 tim
371 2505 714 2561 mansionem
745 2504 942 2561 febrim
974 2517 1201 2575 nactuS,
1229 2524 1402 2582 quum
1436 2502 1566 2559 inde
1591 2500 1782 2559 lectica
1812 2515 1989 2560 trans-

240 2605 511 2678 ferretur,
561 2607 868 2683 suspexisse
927 2605 1130 2663 dicitur
1188 2604 1412 2661 dimotis
1456 2602 1694 2683 plagulis
1747 2602 1946 2660 coelum
1973 2649 1987 2675 ,

241 2705 591 2784 multumque
628 2719 990 2786 conquestuS,
1042 2732 1069 2760 «
1093 2707 1234 2785 eripi
1282 2707 1385 2763 sibi
1433 2708 1602 2763 vitam
1657 2707 1985 2763 immerenti.

241 2810 436 2885 Neque
483 2810 628 2864 enim
665 2821 878 2866 exstare
911 2807 1086 2866 ullum
1132 2829 1292 2865 suum
1330 2807 1535 2865 factum
1570 2806 1951 2886 poenitendum
1975 2851 1989 2879 ,

244 2922 473 2987 excepto
498 2910 769 2966 duntaxat
794 2931 923 2967 uno,
949 2934 976 2963 >2
999 2908 1064 2967 Id
1091 2908 1256 2987 quale
1284 2909 1472 2981 fuerit,
1499 2930 1678 2987 neque
1709 2910 1824 2987 ipse
1856 2921 1989 2965 tuuc

242 3010 526 3088 prodidit,
556 3032 736 3089 neque
766 3012 1027 3089 cuiquam
1054 3010 1213 3068 facile
1248 3022 1552 3067 succurrat.
1584 3010 1830 3084 Quidam
1868 3010 1990 3087 opi-

243 3124 478 3183 nantur,
511 3112 970 3170 consuetudinem
998 3112 1377 3183 recordatum,
1418 3132 1585 3189 quam
1629 3132 1759 3167 eum
1803 3110 1987 3166 fratris

241 3233 413 3270 uxore
444 3213 719 3270 habuerit.
754 3213 863 3271 Sed
899 3212 1106 3271 nullam
1140 3214 1430 3286 habuisse,
1471 3225 1759 3290 persancte
1794 3213 1989 3269 Domi-

240 3315 316 3370 tia
336 3314 555 3391 jurabat
583 3337 593 3370 ε
623 3314 770 3371 haud
803 3328 1092 3393 negatura,
1121 3316 1164 3371 si
1194 3336 1302 3391 qua
1330 3315 1558 3370 omnino
1583 3314 1797 3383 fuisset3
1819 3314 1988 3368 immo
