2372 3918
867 238 934 282 1N
970 238 1189 284 NERON
1192 238 1297 283 ΕΜ.
1850 253 1938 298 ²77

289 335 393 379 Cu.
429 335 630 380 xxxn.
663 335 762 380 Ute
786 334 1107 380 libet-torum....
1124 335 1424 396 contingeret.
1452 337 1608 393 Quum
1636 337 1941 397 libertorum,

218 412 393 473 quibus
416 412 553 456 liberi
582 427 677 456 non
703 419 882 469 essent,
907 411 1145 456 hereditas
1179 426 1236 456 ex
1268 412 1456 457 semisse
1480 413 1741 473 antiquitus
1772 415 1834 461 ad
1855 431 1943 476 pa-

220 498 384 534 tronos
409 487 693 549 pertineret,
723 503 822 533 non
848 487 993 532 modo
1019 487 1079 532 ad
1111 486 1382 532 dextantem
1407 503 1509 533 eam
1541 491 1669 534 Nero
1703 490 1941 548 extendit,

217 565 297 612 sed
321 565 593 611 hereditatis
616 565 755 611 etiam
780 565 886 624 jure
909 580 1005 609 non
1022 579 1134 609 suos
1159 565 1305 610 modo
1333 565 1529 611 libertos
1560 568 1835 627 complexus
1858 577 1943 625 est,

216 643 298 689 sed
340 643 720 703 quibuscumque
756 657 929 686 nomen
965 643 1058 687 ulla
1103 642 1161 687 de
1197 657 1336 688 causa
1377 652 1495 689 esset
1537 659 1643 688 cum
1682 660 1762 690 sua
1804 654 1944 706 gente

218 730 525 782 magnatum,
571 728 624 764 ut
664 720 860 771 lulium,
904 716 1146 763 Octavium
1165 752 1178 772 ,
1222 718 1498 777 Claudium,
1536 724 1814 776 Antonium,
1846 724 1945 768 Do-

217 798 406 842 mitium.
442 799 496 841 ln
520 796 611 841 hoc
636 795 936 841 consentiunt
959 796 1064 839 DD.
1098 794 1213 839 Viri.

283 874 508 919 Studiosis
520 873 657 930 juris.
691 874 760 917 lta
785 873 903 917 Gell.
921 906 934 927 ‚
969 886 1071 927 x11,
1111 870 1183 917 13.

283 952 539 998 Revocavit.
554 952 796 995 —Denuo
818 951 934 993 solvi
953 950 1044 993 sibi
1052 948 1202 1005 jussit
1216 952 1404 1010 praemia
1430 968 1535 998 cum
1563 942 1729 998 delatis
1755 953 1945 997 coronis

217 1046 241 1075 a
271 1028 536 1075 civitatibus
561 1027 670 1072 olim
697 1027 881 1084 oblata,
911 1036 965 1072 ut
991 1028 1090 1072 fere
1113 1027 1338 1086 conjicias
1359 1031 1601 1074 renovavit.

280 1106 611 1165 Amethystim'.
640 1105 782 1162 Plin,‚
811 1107 868 1152 H.
898 1106 956 1150 N.
975 1139 990 1160 ‚
1016 1120 1126 1162 xx1,
1152 1104 1181 1149 8
1208 1122 1218 1149 :
1245 1124 1264 1146 «
1291 1105 1449 1151 Alium
1474 1106 1718 1167 (colorem)
1745 1107 1793 1151 in
1817 1122 1946 1152 ame-

216 1186 397 1246 thysto,
421 1183 505 1244 qui
528 1183 577 1228 in
607 1182 760 1239 viola3
785 1191 832 1227 et
862 1182 961 1243 ipse
990 1183 1039 1227 in
1066 1198 1388 1243 purpureum,
1420 1200 1659 1245 quemque
1683 1184 1946 1230 ianthinum

216 1260 611 1322 appellavimus.»
649 1260 720 1306 Cf.
758 1262 1062 1318 PLUTAacu„
1101 1260 1345 1321 Sympos.,
1395 1277 1489 1318 111,
1541 1278 1589 1318 15
1630 1270 1677 1307 et
1726 1263 1948 1322 Sumus„

214 1339 417 1384 Exercit.
445 1339 567 1383 elin.
583 1371 597 1392 ,
621 1353 669 1397 p.
704 1337 813 1397 398.

284 1417 534 1461 Proeclusic
557 1415 879 1476 negotiatores.
898 1415 1058 1470 Quum
1079 1414 1398 1476 negotiatores
1422 1424 1586 1461 contra
1606 1417 1803 1462 vetitum
1827 1433 1948 1462 ven·-

217 1491 444 1539 didissent
477 1492 840 1554 amethystinum
871 1501 916 1537 et
933 1492 1108 1554 tyrium
1135 1493 1368 1549 colorem,
1386 1509 1550 1539 eorum
1571 1494 1789 1540 tabernas
1812 1497 1949 1540 clau·-

216 1573 302 1627 sie,
330 1587 419 1617 nec
455 1570 567 1616 inde
605 1586 687 1616 eos
723 1570 856 1631 prius
897 1569 1138 1615 discedere
1174 1579 1256 1615 aut
1288 1585 1466 1616 merces
1504 1571 1756 1632 deportare
1783 1587 1939 1632 passus

217 1658 308 1707 est,
334 1664 477 1709 quam
505 1647 774 1693 extorsisset
797 1647 1045 1707 pecuniam
1074 1663 1168 1708 qua
1194 1663 1384 1708 poenam
1418 1648 1720 1694 redimerent.

284 1726 517 1770 Dect-axii.
549 1725 695 1770 Tacit.
714 1758 727 1782 ,
758 1727 963 1778 Armate,
1004 1740 1082 1782 κν,
1110 1723 1168 1779 45
1212 1741 1223 1770 :
1260 1745 1280 1765 «
1305 1726 1490 1770 Interea
1527 1725 1827 1771 conferendis
1855 1741 1947 1787 pe-

216 1803 365 1849 cuniis
395 1812 661 1863 pervastata
694 1803 853 1859 Italia,
889 1802 1144 1862 provinciae
1188 1818 1385 1859 eversae,
1420 1802 1632 1863 sociique
1666 1802 1861 1863 populi,
1904 1813 1949 1848 et

216 1896 321 1942 quae
346 1880 586 1925 civitatum
610 1880 765 1926 liberae
789 1889 1037 1926 vocantur.
1063 1881 1217 1940 Inque
1242 1895 1342 1924 eam
1365 1879 1575 1940 praedam
1601 1880 1740 1926 etiam
1757 1879 1823 1925 dii
1848 1895 1951 1925 ces-

216 1973 342 2016 sere,
374 1958 583 2017 spoliatis
617 1957 667 2002 in
690 1958 808 2003 urbe
832 1957 1044 2018 templis,
1071 1966 1159 2002 etc.
1175 1976 1199 1998 n

282 2036 392 2081 CAP.
418 2036 653 2081 XXXIlI.
692 2034 864 2080 Cibum.
891 2035 1010 2091 Dio,
1047 2049 1130 2092 Lx,
1165 2049 1212 2093 p·
1251 2033 1393 2094 689⁴:
1432 2032 1469 2082 ὁ
1503 2043 1639 2100 Νέρων
1676 2044 1747 2085 οὐκ
1777 2043 1947 2094 ἀπάξιον

218 2118 374 2178 μνήμης
399 2119 491 2167 ἔπος
520 2119 739 2160 κατέλιπε·
761 2120 852 2167 τοὺς
873 2120 949 2176 ’γὰρ
976 2119 1158 2175 μύκητας
1178 2120 1290 2159 Θεῶν
1323 2115 1470 2174 Ερῶμα
1497 2119 1629 2175 ἔλεγεν
1657 2114 1777 2171 sivae,
1799 2121 1860 2162 ὅτι
1876 2120 1949 2163 καὶ

206 2197 363 2246 -ὶκεῖνος
394 2185 476 2251 (80-
509 2186 753 2252 Claudius)
783 2191 857 2238 διὰ
888 2201 958 2238 τοῦ
986 2196 1160 2252 μύκητας
1178 2194 1261 2243 θεὸς
1285 2195 1470 2251 ἐγεγόνιι.

279 2278 550 2322 Iocabatur.
585 2276 753 2322 Dicere
776 2276 1031 2322 videbatur
1053 2277 1182 2320 Nero
1208 2274 1455 2320 Claudium
1482 2276 1652 2322 desisse
1675 2280 1855 2323 morari
1868 2295 1950 2324 seu

216 2370 406 2400 manere
442 2354 565 2398 inter
598 2354 836 2412 homiues,
869 2370 1019 2414 quum
1059 2351 1259 2414 intelligi
1293 2353 1436 2396 vellet
1478 2368 1585 2398 eum
1624 2370 1713 2415 per
1750 2366 1950 2401 mortem

219 2430 405 2477 desiisse
429 2432 656 2486 delirare,
679 2446 787 2475 nam
811 2446 957 2492 graece
981 2438 1110 2496 μωρός
1131 2430 1316 2476 fatuum
1340 2427 1571 2490 significat
1597 2448 1607 2476 ε
1634 2431 1744 2478 inde
1776 2448 1948 2487 morus,

218 2518 271 2553 ut
303 2508 353 2553 in
383 2509 556 2566 Plaut.‚
581 2509 740 2562 Mem,
768 2524 831 2566 nr,
859 2524 909 2565 2,
952 2523 971 2552 1
1012 2525 1023 2553 ε

395 2655 450 2694 Ut
473 2653 548 2694 hoc
574 2652 722 2693 utimur
745 2653 914 2693 maxime
939 2666 1048 2693 more
1075 2667 1199 2694 moro.

287 2793 550 2853 Aggressus
573 2802 654 2837 est.
684 2791 753 2836 Cf.
788 2793 979 2848 Taena,
1012 2794 1183 2837 Annal.
1203 2826 1213 2845 ,
1243 2809 1372 2850 11¹1,
1406 2793 1487 2853 15,
1511 2812 1614 2858 sqq.

291 2869 479 2930 Legem.
511 2871 585 2914 Sc.
621 2869 758 2913 Snllae
800 2867 1042 2913 dictatoris
1075 2867 1135 2913 de
1163 2868 1364 2926 sicariis,
1401 2886 1503 2931 quae
1549 2873 1951 2933 complectebatur

223 2944 475 3003 veneficia,
500 2944 748 3005 repetitam
776 2961 802 2990 a
832 2945 958 2989 Julio
984 2946 1175 2991 Caesare.

295 3023 694 3068 Prassemaneum.
725 3022 781 3066 H.
806 3038 845 3068 e.
873 3023 1006 3083 quod
1035 3034 1307 3083 praesentem
1331 3024 1720 3088 repentinamque
1753 3027 1948 3073 inferret

218 3112 433 3148 mortem.
920 3148 922 3150 ,

287 3180 465 3225 Morbo.
493 3176 623 3235 Quid
657 3176 714 3222 sit
749 3175 856 3221 vide
890 3193 991 3237 sup.
1018 3178 1064 3223 in
1098 3178 1214 3224 Coes.
1236 3213 1249 3233 ,
1282 3195 1387 3224 xm.

295 3259 610 3308 Translatitio.
637 3254 780 3314 Quod
798 3255 1029 3299 modicum
1054 3255 1168 3300 dicit
1194 3256 1340 3300 Tacit.
1360 3290 1372 3310 ‚
1408 3256 1488 3301 ub.
1522 3273 1625 3318 sup.
1661 3273 1671 3300 ε
1701 3277 1720 3295 ιι
1738 3259 1839 3302 Nox
1869 3274 1948 3301 ea-
