2372 3918
423 287 480 335 26
490 291 518 336 6
1188 287 1373 332 NOTAE

491 387 728 432 Camillus.
757 388 905 432 Intell.
933 386 1101 432 Furius
1125 384 1484 440 Scribonianus,
1516 382 1575 428 de
1595 396 1693 444 quo
1716 399 1842 445 sup„
1868 401 1987 430 xnx.

487 464 595 509 Cn.
620 465 869 509 XXXVII.
902 465 1102 526 Appium
1131 463 1357 506 Silanum.
1383 461 1498 517 Dio,
1525 475 1607 517 Lx,
1633 476 1678 520 p.
1706 460 1799 515 674
1828 478 1839 504 :
1871 473 2019 511 'roffi-02
2042 468 2134 525 γὰρ,

425 548 707 604 εὐγενέστατόν
739 565 784 591 τε
823 548 941 599 ὄντα,
976 546 1043 590 καὶ
1085 553 1154 595 τῆς
1191 538 1473 610 Ῐὲηρίαςὶτότι
1511 546 1707 600 ἄρχοντα,
1743 545 2135 602 μεταπεμψάμενος,

422 623 472 673 ὥς
497 640 537 666 τι
562 626 682 666 αὐτοῦ
722 620 926 682 δεόμενος,
956 622 1024 666 καὶ
1057 623 1126 669 τήν
1158 639 1202 664 τε
1232 622 1388 679 μητέρα
1427 623 1460 662 οἱ
1498 625 1567 668 τῆς
1601 621 1859 669 Μεσσαλίνης
1892 621 2136 672 συνοικίσας,

422 699 492 742 καὶ
516 702 633 743 αὐτὸν
667 702 703 743 ἰν
729 702 809 750 τοῖς
832 702 1034 758 φιλτάτοις
1061 698 1128 742 καὶ
1153 701 1189 741 ἂν
1214 701 1295 747 τοῖς
1322 699 1651 756 συγγενεστάτοις
1672 699 1806 754 χρόνον
1831 699 1922 740 τινὰ
1945 699 2136 755 τιμήσας,

429 777 550 818 ἔπειτ’
574 775 753 834 ἐξαίφνης
779 776 960 834 ἔσφαξεν.

489 847 721 891 For-mata.
747 848 805 892 H.
833 861 871 891 e.
898 845 1158 905 composita
1187 854 1239 889 ut
1264 845 1486 890 admirari
1520 844 1775 889 videretur.

490 925 598 968 Cn.
631 924 912 968 XXXVIlI.
938 924 996 968 In
1019 924 1226 967 ordinem
1259 938 1309 966 se
1336 932 1561 968 coactum.
1601 924 1658 967 H.
1694 938 1733 966 e.
1763 921 2022 966 contemtui
2047 915 2136 967 ha*-

421 999 572 1044 bitum
597 1016 609 1045 :
648 1011 853 1060 namque
877 1000 924 1044 in
962 1000 1166 1044 ordinem
1203 1001 1311 1060 cogi
1333 998 1614 1045 dicebantur
1644 998 1940 1060 magistratus
1963 997 2049 1059 qui
2077 999 2137 1043 ad

421 1076 714 1137 privatorum
749 1077 1072 1123 conditionem
1100 1076 1461 1137 quodammodo
1499 1076 1852 1138 redigebantur.
1893 1076 1964 1122 Cf.
2003 1077 2137 1132 Lim,

421 1168 570 1210 xmu,
613 1155 668 1200 16
711 1171 722 1199 ε
754 1175 775 1195 ἰ
795 1156 865 1199 Eo
890 1155 1041 1211 facto,
1069 1163 1310 1200 avocatam
1343 1170 1370 1199 a
1400 1171 1449 1200 se
1472 1155 1750 1200 concionem
1776 1154 1996 1200 tribunus
2019 1169 2140 1216 que-

421 1239 544 1288 stus,
568 1239 614 1276 et
637 1231 687 1275 in
712 1231 926 1277 ordinem
949 1247 999 1277 se
1027 1241 1266 1289 coactum,
1289 1239 1377 1277 etc.
1400 1253 1419 1271 ι»

496 1309 697 1352 ‘l‘aneum
734 1324 825 1353 non
863 1309 1213 1366 satisfacientis.
1242 1311 1298 1355 H.
1332 1325 1371 1354 e.
1413 1308 1689 1353 excusantis.
1729 1309 1782 1353 In
1815 1308 2061 1355 codicibus
2094 1318 2139 1354 et

422 1385 560 1430 editt.
576 1385 673 1430 haec
709 1386 852 1431 verba
875 1385 1041 1430 misere
1064 1394 1173 1430 sunt
1197 1395 1421 1446 corrupta
1444 1394 1491 1430 et
1511 1386 1778 1444 transjecta.

488 1461 742 1519 Adfuisset.
771 1464 968 1508 Causam
990 1462 1056 1507 ita
1089 1463 1278 1523 egisset,
1309 1471 1363 1508 ut
1402 1462 1450 1506 in
1483 1462 1729 1508 Claudium
1757 1463 1971 1524 quaedam
1995 1464 2140 1507 vehe-

423 1539 619 1585 mentius
643 1549 689 1585 et
714 1538 1099 1585 contumeliosius
1122 1539 1318 1585 diceret.

491 1616 662 1661 Contra
694 1618 900 1662 vetitum.
931 1616 1000 1661 Cf.
1025 1618 1177 1675 Dion,
1193 1650 1206 1674 ,
1235 1633 1315 1672 Lx,
1339 1631 1387 1676 p.
1413 1616 1523 1676 669.

489 1693 762 1737 Stationem.
789 1694 844 1738 H.
874 1708 911 1737 e.
940 1692 1204 1752 imperium.

485 1770 590 1815 Cn.
615 1772 854 1815 XXXIX.
884 1770 1182 1815 Oblivionem.
1210 1769 1356 1829 Cujus
1382 1770 1563 1832 insigne
1587 1771 1852 1830 exemplum
1878 1770 2031 1816 adfert
2045 1771 2141 1815 Ta-

422 1846 527 1903 cit.,
553 1849 753 1900 Annal.,
789 1862 868 1904 xx,
902 1846 962 1891 38
1002 1863 1013 1891 :
1055 1847 1372 1893 «Nuntiatum
1395 1847 1657 1893 Claudio....
1680 1846 1901 1908 juvitque
1935 1846 2139 1891 oblivio—

419 1939 525 1969 nem
548 1924 649 1983 ejus
673 1933 874 1969 senatus.
895 1944 918 1964 υ

485 2002 709 2045 Domina.
750 2027 815 2034 ——-
853 2003 1083 2045 Dominus
1120 2017 1294 2046 uxores
1330 2018 1433 2046 suas
1462 2017 1633 2048 vocare
1671 2003 1885 2047 solebant
1926 2002 2140 2047 Romani.

419 2077 573 2138 Epict.
608 2078 823 2135 Enchir„
856 2093 960 2122 LXII
997 2093 1010 2122 ἔ
1045 2085 1096 2126 Αἱ
1139 2087 1323 2142 γυναῖκες
1365 2086 1470 2134 εὐθὺς
1513 2087 1593 2129 ἀπὸ
1625 2082 2007 2144 τεσσαρεσκαίδεκα
2043 2088 2139 2129 ἐτῶν

420 2163 496 2205 ὑπὸ
527 2168 604 2202 τῶν
634 2157 794 2217 ’ἀνδρῶν
824 2162 956 2217 κυρίαι
979 2166 1209 2203 καλοῦνται.

485 2232 595 2276 Cn.
612 2232 716 2275 XL.
746 2230 841 2274 Nec
864 2231 980 2290 quac.
1014 2231 1201 2276 Muller.
1235 2246 1247 2275 z
1272 2249 1296 2271 α
1320 2231 1420 2276 Nec
1444 2246 1578 2291 quos.
1607 2252 1630 2273 n

495 2308 796 2367 Theogonius.
827 2307 1031 2351 Stultum
1068 2308 1306 2353 hominem
1338 2308 1550 2371 intelligo
1575 2309 1710 2368 cujus
1733 2326 1903 2357 nomen
1941 2311 1989 2356 in
2022 2327 2142 2371 pro-

420 2383 634 2430 verbium
656 2384 858 2440 abierat,
883 2383 1017 2444 quod
1031 2400 1157 2429 nunc
1181 2385 1465 2447 ignoramus.
1492 2387 1772 2432 Casaubono
1798 2405 1855 2432 ex
1879 2398 1977 2449 opt.
2003 2391 2138 2434 MSS.

425 2461 706 2521 Telegennus
729 2459 877 2520 magis
907 2460 1098 2505 arridet.

485 2537 593 2581 Cn.
618 2538 747 2583 XLI.
782 2538 1058 2581 Historiam.
1091 2531 1305 2593 Quarum
1332 2539 1543 2584 meminit
1567 2539 1682 2585 Plin.
1703 2578 1715 2599 ,
1750 2545 1808 2589 H.
1835 2524 1920 2597 NJ,
1945 2559 2044 2600 xu,
2067 2560 2138 2600 17.
2197 2568 2199 2570 ·

491 2615 590 2658 Tito
613 2615 756 2659 Livia
782 2614 856 2658 Al.
884 2613 1034 2659 Lucio
1065 2613 1218 2660 Livio.

482 2692 684 2750 Sulpicio
708 2692 882 2736 Fulvio.
909 2692 1047 2736 Hunc
1071 2707 1233 2737 omnes
1259 2692 1493 2754 ignorant.
1522 2675 1594 2738 Al.
1619 2697 1774 2740 Flavo.

486 2768 775 2813 Posterioris.
803 2770 1209 2814 Commemoratur
1234 2786 1260 2815 a
1291 2771 1510 2818 Priscian.
1527 2806 1540 2829 ‚
1563 2789 1614 2816 vi
1631 2808 1643 2830 ,
1671 2789 1719 2833 p.
1754 2773 1865 2834 697.

486 2847 795 2905 Ineleganter.
811 2847 1062 2906 —Inepte
1080 2847 1150 2892 'ad
1182 2857 1533 2908 argumentum,
1550 2850 1848 2911 ineleganter
1868 2852 1928 2897 ad
1953 2852 2135 2896 oratio-

420 2938 527 2967 nem
552 2923 648 2966 sive
672 2923 841 2982 stylum
864 2932 1058 2982 spectat.

489 3000 686 3042 Litteras
709 3009 812 3043 tres.
838 2999 1013 3058 Tacit.,
1045 3003 1246 3054 Annal.,
1276 3017 1355 3058 xl,
1395 3009 1448 3055 14
1482 3019 1492 3047 :
1528 3023 1551 3043 ει
1578 3005 1727 3050 Nobis
1757 3021 1947 3068 quoque
1982 3024 2137 3067 paucae

419 3075 623 3136 primum
656 3075 815 3132 fuere3
856 3076 1028 3121 deinde
1053 3077 1223 3121 additae
1247 3087 1368 3122 sunt.
1402 3080 1514 3135 Quo
1539 3083 1753 3141 exemplo
1788 3085 2012 3130 Claudius
2043 3093 2135 3130 tres

418 3150 594 3196 litteras
617 3150 808 3209 adjecit,
847 3168 950 3212 quae
979 3153 1109 3210 usui,
1143 3152 1438 3212 imperitante
1471 3172 1551 3213 eo,
1580 3166 1689 3217 post
1727 3159 2008 3217 obliteratae,
2043 3161 2129 3205 ad-

419 3225 684 3285 spiciuntur
715 3227 853 3272 etiam
877 3242 1006 3273 nunc
1031 3228 1079 3272 in
1111 3244 1198 3272 aere
1220 3230 1520 3288 publicandis
1553 3235 1806 3293 plebiscitis
1834 3251 1922 3295 per
1952 3237 2052 3280 fora
2080 3252 2131 3281 ac

418 3304 593 3362 templa
625 3301 735 3347 fixo.
759 3324 775 3342 ι)
