<?xml version="1.0" encoding="UTF-8"?>
<!DOCTYPE html PUBLIC "-//W3C//DTD XHTML 1.0 Transitional//EN"
    "http://www.w3.org/TR/xhtml1/DTD/xhtml1-transitional.dtd">
<html xmlns="http://www.w3.org/1999/xhtml" xml:lang="en" lang="en">
 <head>
  <title>
</title>
<meta http-equiv="Content-Type" content="text/html;charset=utf-8" />
  <meta name='ocr-system' content='tesseract 3.04.00' />
  <meta name='ocr-capabilities' content='ocr_page ocr_carea ocr_par ocr_line ocrx_word'/>
</head>
<body>
  <div class='ocr_page' id='page_1' title='image "./operasuet00suetuoft_0103.png"; bbox 0 0 2372 3918; ppageno 0'>
   <div class='ocr_carea' id='block_1_1' title="bbox 252 260 1965 3342">
    <p class='ocr_par' dir='ltr' id='par_1_1' title="bbox 255 260 1951 921">
     <span class='ocr_line' id='line_1_1' title="bbox 750 260 1945 320; baseline -0.003 -11"><span class='ocrx_word' id='word_1_1' title='bbox 750 262 1058 309; x_wconf 81' lang='lat' dir='ltr'><strong>OCTAVIUS</strong></span> <span class='ocrx_word' id='word_1_2' title='bbox 1090 261 1428 307; x_wconf 85' lang='lat' dir='ltr'>AUGUSTUS.</span> <span class='ocrx_word' id='word_1_3' title='bbox 1886 260 1945 320; x_wconf 74' lang='lat'>75</span> 
     </span>
     <span class='ocr_line' id='line_1_2' title="bbox 259 357 1946 445; baseline 0.002 -26"><span class='ocrx_word' id='word_1_4' title='bbox 259 357 421 442; x_wconf 84' lang='lat' dir='ltr'>atque</span> <span class='ocrx_word' id='word_1_5' title='bbox 435 387 499 422; x_wconf 88' lang='lat' dir='ltr'>ex</span> <span class='ocrx_word' id='word_1_6' title='bbox 531 366 847 445; x_wconf 78' lang='lat' dir='ltr'>improbatis</span> <span class='ocrx_word' id='word_1_7' title='bbox 869 364 1002 421; x_wconf 87' lang='lat' dir='ltr'>alios</span> <span class='ocrx_word' id='word_1_8' title='bbox 1025 386 1205 443; x_wconf 89' lang='lat' dir='ltr'>poena,</span> <span class='ocrx_word' id='word_1_9' title='bbox 1234 364 1368 421; x_wconf 87' lang='lat' dir='ltr'>alios</span> <span class='ocrx_word' id='word_1_10' title='bbox 1394 365 1690 443; x_wconf 85' lang='lat' dir='ltr'>ignominia</span> <span class='ocrx_word' id='word_1_11' title='bbox 1711 366 1946 437; x_wconf 79' lang='lat' dir='ltr'>notavit3</span> 
     </span>
     <span class='ocr_line' id='line_1_3' title="bbox 255 463 1948 541; baseline 0.001 -21"><span class='ocrx_word' id='word_1_12' title='bbox 255 463 437 540; x_wconf 89' lang='lat' dir='ltr'>plures</span> <span class='ocrx_word' id='word_1_13' title='bbox 466 465 859 534; x_wconf 87' lang='lat' dir='ltr'>admonitione,</span> <span class='ocrx_word' id='word_1_14' title='bbox 887 463 981 521; x_wconf 91' lang='lat' dir='ltr'>sed</span> <span class='ocrx_word' id='word_1_15' title='bbox 1010 465 1194 522; x_wconf 84' lang='lat' dir='ltr'>varia:</span> <span class='ocrx_word' id='word_1_16' title='bbox 1219 463 1553 521; x_wconf 90' lang='lat' dir='ltr'>lenissimum</span> <span class='ocrx_word' id='word_1_17' title='bbox 1573 484 1742 541; x_wconf 92' lang='lat' dir='ltr'>genus</span> <span class='ocrx_word' id='word_1_18' title='bbox 1762 464 1948 521; x_wconf 89' lang='lat' dir='ltr'>admo·</span> 
     </span>
     <span class='ocr_line' id='line_1_4' title="bbox 257 563 1949 643; baseline 0.002 -26"><span class='ocrx_word' id='word_1_19' title='bbox 257 565 476 622; x_wconf 89' lang='lat' dir='ltr'>nitionis</span> <span class='ocrx_word' id='word_1_20' title='bbox 511 565 615 622; x_wconf 89' lang='lat' dir='ltr'>fuit</span> <span class='ocrx_word' id='word_1_21' title='bbox 650 563 869 621; x_wconf 89' lang='lat' dir='ltr'>traditio</span> <span class='ocrx_word' id='word_1_22' title='bbox 898 584 1081 620; x_wconf 87' lang='lat' dir='ltr'>coram</span> <span class='ocrx_word' id='word_1_23' title='bbox 1115 563 1496 643; x_wconf 87' lang='lat' dir='ltr'>pugillarium,</span> <span class='ocrx_word' id='word_1_24' title='bbox 1526 583 1664 641; x_wconf 89' lang='lat' dir='ltr'>quos</span> <span class='ocrx_word' id='word_1_25' title='bbox 1688 563 1863 636; x_wconf 88' lang='lat' dir='ltr'>taciti,</span> <span class='ocrx_word' id='word_1_26' title='bbox 1895 577 1949 620; x_wconf 89' lang='lat' dir='ltr'>et</span> 
     </span>
     <span class='ocr_line' id='line_1_5' title="bbox 255 662 1951 743; baseline -0.001 -25"><span class='ocrx_word' id='word_1_27' title='bbox 255 664 455 721; x_wconf 88' lang='lat' dir='ltr'>ibidem</span> <span class='ocrx_word' id='word_1_28' title='bbox 483 665 664 722; x_wconf 88' lang='lat' dir='ltr'>statim</span> <span class='ocrx_word' id='word_1_29' title='bbox 698 662 971 743; x_wconf 87' lang='lat' dir='ltr'>legerent:</span> <span class='ocrx_word' id='word_1_30' title='bbox 1002 666 1318 743; x_wconf 90' lang='lat' dir='ltr'>notavitque</span> <span class='ocrx_word' id='word_1_31' title='bbox 1346 663 1580 742; x_wconf 77' lang='lat' dir='ltr'>aliquoS,</span> <span class='ocrx_word' id='word_1_32' title='bbox 1613 662 1760 740; x_wconf 91' lang='lat' dir='ltr'>quod</span> <span class='ocrx_word' id='word_1_33' title='bbox 1788 683 1951 740; x_wconf 89' lang='lat' dir='ltr'>pecu-</span> 
     </span>
     <span class='ocr_line' id='line_1_6' title="bbox 256 761 1949 843; baseline 0 -25"><span class='ocrx_word' id='word_1_34' title='bbox 256 763 371 820; x_wconf 87' lang='lat' dir='ltr'>nias</span> <span class='ocrx_word' id='word_1_35' title='bbox 403 762 692 821; x_wconf 84' lang='lat' dir='ltr'>levioribus</span> <span class='ocrx_word' id='word_1_36' title='bbox 730 764 910 822; x_wconf 90' lang='lat' dir='ltr'>usuris</span> <span class='ocrx_word' id='word_1_37' title='bbox 953 766 1219 838; x_wconf 89' lang='lat' dir='ltr'>mutuati,</span> <span class='ocrx_word' id='word_1_38' title='bbox 1260 766 1508 843; x_wconf 87' lang='lat' dir='ltr'>graviore</span> <span class='ocrx_word' id='word_1_39' title='bbox 1554 763 1741 820; x_wconf 86' lang='lat' dir='ltr'>fenore</span> <span class='ocrx_word' id='word_1_40' title='bbox 1778 761 1949 819; x_wconf 90' lang='lat' dir='ltr'>collo-</span> 
     </span>
     <span class='ocr_line' id='line_1_7' title="bbox 255 877 478 921; baseline 0 -2"><span class='ocrx_word' id='word_1_41' title='bbox 255 877 478 921; x_wconf 83' lang='lat' dir='ltr'>cassent.</span> 
     </span>
    </p>

    <p class='ocr_par' dir='ltr' id='par_1_2' title="bbox 252 964 1965 3342">
     <span class='ocr_line' id='line_1_8' title="bbox 330 964 1951 1040; baseline -0.001 -19"><span class='ocrx_word' id='word_1_42' title='bbox 330 967 447 1021; x_wconf 90' lang='lat' dir='ltr'>XL.</span> <span class='ocrx_word' id='word_1_43' title='bbox 484 966 731 1023; x_wconf 91' lang='lat' dir='ltr'>Comitiis</span> <span class='ocrx_word' id='word_1_44' title='bbox 765 967 1089 1040; x_wconf 83' lang='lat' dir='ltr'>tribunitiis,</span> <span class='ocrx_word' id='word_1_45' title='bbox 1126 968 1170 1025; x_wconf 90' lang='lat' dir='ltr'>si</span> <span class='ocrx_word' id='word_1_46' title='bbox 1212 967 1459 1026; x_wconf 76' lang='lat' dir='ltr'>deessent</span> <span class='ocrx_word' id='word_1_47' title='bbox 1491 964 1767 1024; x_wconf 88' lang='lat' dir='ltr'>candidati</span> <span class='ocrx_word' id='word_1_48' title='bbox 1797 984 1951 1020; x_wconf 88' lang='lat' dir='ltr'>sena-</span> 
     </span>
     <span class='ocr_line' id='line_1_9' title="bbox 253 1067 1954 1143; baseline 0 -24"><span class='ocrx_word' id='word_1_49' title='bbox 253 1077 422 1138; x_wconf 79' lang='lat' dir='ltr'>toreS,</span> <span class='ocrx_word' id='word_1_50' title='bbox 454 1085 518 1122; x_wconf 85' lang='lat' dir='ltr'>ex</span> <span class='ocrx_word' id='word_1_51' title='bbox 560 1067 834 1143; x_wconf 88' lang='lat' dir='ltr'>equitibus</span> <span class='ocrx_word' id='word_1_52' title='bbox 882 1068 1121 1124; x_wconf 90' lang='lat' dir='ltr'>romanis</span> <span class='ocrx_word' id='word_1_53' title='bbox 1167 1068 1396 1141; x_wconf 88' lang='lat' dir='ltr'>creavit,</span> <span class='ocrx_word' id='word_1_54' title='bbox 1441 1067 1515 1123; x_wconf 89' lang='lat' dir='ltr'>ita</span> <span class='ocrx_word' id='word_1_55' title='bbox 1562 1078 1654 1138; x_wconf 93' lang='lat' dir='ltr'>ut,</span> <span class='ocrx_word' id='word_1_56' title='bbox 1686 1075 1954 1143; x_wconf 88' lang='lat' dir='ltr'>potestate</span> 
     </span>
     <span class='ocr_line' id='line_1_10' title="bbox 252 1165 1955 1239; baseline 0 -19"><span class='ocrx_word' id='word_1_57' title='bbox 252 1175 553 1239; x_wconf 87' lang='lat' dir='ltr'>transacta,</span> <span class='ocrx_word' id='word_1_58' title='bbox 588 1167 643 1222; x_wconf 91' lang='lat' dir='ltr'>in</span> <span class='ocrx_word' id='word_1_59' title='bbox 671 1180 798 1224; x_wconf 88' lang='lat' dir='ltr'>utro</span> <span class='ocrx_word' id='word_1_60' title='bbox 826 1165 1030 1224; x_wconf 91' lang='lat' dir='ltr'>vellent</span> <span class='ocrx_word' id='word_1_61' title='bbox 1071 1167 1263 1224; x_wconf 82' lang='lat' dir='ltr'>ordine</span> <span class='ocrx_word' id='word_1_62' title='bbox 1297 1178 1595 1224; x_wconf 88' lang='lat' dir='ltr'>manerent.</span> <span class='ocrx_word' id='word_1_63' title='bbox 1631 1166 1820 1239; x_wconf 88' lang='lat' dir='ltr'>Quum</span> <span class='ocrx_word' id='word_1_64' title='bbox 1858 1184 1955 1220; x_wconf 92' lang='lat' dir='ltr'>au-</span> 
     </span>
     <span class='ocr_line' id='line_1_11' title="bbox 254 1264 1955 1344; baseline 0 -25"><span class='ocrx_word' id='word_1_65' title='bbox 254 1274 361 1320; x_wconf 87' lang='lat' dir='ltr'>tem</span> <span class='ocrx_word' id='word_1_66' title='bbox 391 1264 636 1343; x_wconf 86' lang='lat' dir='ltr'>plerique</span> <span class='ocrx_word' id='word_1_67' title='bbox 653 1268 925 1344; x_wconf 86' lang='lat' dir='ltr'>equitum,</span> <span class='ocrx_word' id='word_1_68' title='bbox 947 1269 1136 1325; x_wconf 89' lang='lat' dir='ltr'>attrito</span> <span class='ocrx_word' id='word_1_69' title='bbox 1159 1266 1313 1324; x_wconf 90' lang='lat' dir='ltr'>bellis</span> <span class='ocrx_word' id='word_1_70' title='bbox 1338 1267 1588 1325; x_wconf 89' lang='lat' dir='ltr'>civilibus</span> <span class='ocrx_word' id='word_1_71' title='bbox 1605 1265 1955 1343; x_wconf 84' lang='lat' dir='ltr'>patrimoniO,</span> 
     </span>
     <span class='ocr_line' id='line_1_12' title="bbox 253 1365 1957 1444; baseline 0 -25"><span class='ocrx_word' id='word_1_72' title='bbox 253 1377 495 1440; x_wconf 88' lang='lat' dir='ltr'>spectare</span> <span class='ocrx_word' id='word_1_73' title='bbox 520 1365 678 1423; x_wconf 93' lang='lat' dir='ltr'>ludos</span> <span class='ocrx_word' id='word_1_74' title='bbox 696 1389 725 1424; x_wconf 86' lang='lat' dir='ltr'>e</span> <span class='ocrx_word' id='word_1_75' title='bbox 750 1368 1163 1444; x_wconf 85' lang='lat' dir='ltr'>quatuordecim</span> <span class='ocrx_word' id='word_1_76' title='bbox 1186 1390 1296 1426; x_wconf 90' lang='lat' dir='ltr'>non</span> <span class='ocrx_word' id='word_1_77' title='bbox 1310 1367 1601 1439; x_wconf 86' lang='lat' dir='ltr'>auderent,</span> <span class='ocrx_word' id='word_1_78' title='bbox 1622 1378 1770 1422; x_wconf 90' lang='lat' dir='ltr'>metu</span> <span class='ocrx_word' id='word_1_79' title='bbox 1786 1384 1957 1442; x_wconf 86' lang='lat' dir='ltr'>poenae</span> 
     </span>
     <span class='ocr_line' id='line_1_13' title="bbox 255 1463 1958 1544; baseline 0.001 -27"><span class='ocrx_word' id='word_1_80' title='bbox 255 1463 560 1538; x_wconf 81' lang='lat' dir='ltr'>theatraliS,</span> <span class='ocrx_word' id='word_1_81' title='bbox 594 1468 1001 1544; x_wconf 88' lang='lat' dir='ltr'>pronuntiavit,</span> <span class='ocrx_word' id='word_1_82' title='bbox 1036 1488 1146 1524; x_wconf 89' lang='lat' dir='ltr'>non</span> <span class='ocrx_word' id='word_1_83' title='bbox 1181 1469 1353 1524; x_wconf 90' lang='lat' dir='ltr'>teneri</span> <span class='ocrx_word' id='word_1_84' title='bbox 1378 1488 1468 1539; x_wconf 91' lang='lat' dir='ltr'>ea,</span> <span class='ocrx_word' id='word_1_85' title='bbox 1493 1466 1690 1544; x_wconf 87' lang='lat' dir='ltr'>quibus</span> <span class='ocrx_word' id='word_1_86' title='bbox 1715 1465 1845 1542; x_wconf 90' lang='lat' dir='ltr'>ipsis</span> <span class='ocrx_word' id='word_1_87' title='bbox 1868 1484 1958 1541; x_wconf 92' lang='lat' dir='ltr'>pa·</span> 
     </span>
     <span class='ocr_line' id='line_1_14' title="bbox 255 1562 1959 1643; baseline 0.002 -26"><span class='ocrx_word' id='word_1_88' title='bbox 255 1563 568 1621; x_wconf 84' lang='lat' dir='ltr'>rentibusve</span> <span class='ocrx_word' id='word_1_89' title='bbox 599 1578 850 1642; x_wconf 87' lang='lat' dir='ltr'>equester</span> <span class='ocrx_word' id='word_1_90' title='bbox 878 1588 1069 1623; x_wconf 92' lang='lat' dir='ltr'>census</span> <span class='ocrx_word' id='word_1_91' title='bbox 1102 1588 1382 1643; x_wconf 87' lang='lat' dir='ltr'>nunquam</span> <span class='ocrx_word' id='word_1_92' title='bbox 1413 1567 1617 1623; x_wconf 90' lang='lat' dir='ltr'>fuisset.</span> <span class='ocrx_word' id='word_1_93' title='bbox 1647 1562 1846 1642; x_wconf 90' lang='lat' dir='ltr'>Populi</span> <span class='ocrx_word' id='word_1_94' title='bbox 1871 1584 1959 1620; x_wconf 87' lang='lat' dir='ltr'>re-</span> 
     </span>
     <span class='ocr_line' id='line_1_15' title="bbox 255 1664 1957 1744; baseline 0.001 -27"><span class='ocrx_word' id='word_1_95' title='bbox 255 1682 477 1719; x_wconf 89' lang='lat' dir='ltr'>censum</span> <span class='ocrx_word' id='word_1_96' title='bbox 531 1665 748 1721; x_wconf 82' lang='lat' dir='ltr'>vicatim</span> <span class='ocrx_word' id='word_1_97' title='bbox 794 1667 904 1744; x_wconf 88' lang='lat' dir='ltr'>egit</span> <span class='ocrx_word' id='word_1_98' title='bbox 952 1687 966 1722; x_wconf 80' lang='lat' dir='ltr'>t</span> <span class='ocrx_word' id='word_1_99' title='bbox 1017 1687 1104 1739; x_wconf 90' lang='lat' dir='ltr'>ac,</span> <span class='ocrx_word' id='word_1_100' title='bbox 1156 1686 1224 1722; x_wconf 91' lang='lat' dir='ltr'>ne</span> <span class='ocrx_word' id='word_1_101' title='bbox 1267 1664 1418 1743; x_wconf 90' lang='lat' dir='ltr'>plebs</span> <span class='ocrx_word' id='word_1_102' title='bbox 1466 1665 1957 1721; x_wconf 89' lang='lat' dir='ltr'>frumentationum</span> 
     </span>
     <span class='ocr_line' id='line_1_16' title="bbox 255 1763 1964 1845; baseline 0.001 -29"><span class='ocrx_word' id='word_1_103' title='bbox 255 1781 414 1818; x_wconf 90' lang='lat' dir='ltr'>causa</span> <span class='ocrx_word' id='word_1_104' title='bbox 446 1763 781 1840; x_wconf 90' lang='lat' dir='ltr'>frequentius</span> <span class='ocrx_word' id='word_1_105' title='bbox 811 1787 843 1822; x_wconf 92' lang='lat' dir='ltr'>a</span> <span class='ocrx_word' id='word_1_106' title='bbox 873 1766 1103 1845; x_wconf 88' lang='lat' dir='ltr'>negotiis</span> <span class='ocrx_word' id='word_1_107' title='bbox 1133 1778 1482 1838; x_wconf 86' lang='lat' dir='ltr'>avocaretur,</span> <span class='ocrx_word' id='word_1_108' title='bbox 1516 1777 1600 1821; x_wconf 88' lang='lat' dir='ltr'>ter</span> <span class='ocrx_word' id='word_1_109' title='bbox 1647 1764 1704 1819; x_wconf 90' lang='lat' dir='ltr'>in</span> <span class='ocrx_word' id='word_1_110' title='bbox 1752 1783 1964 1819; x_wconf 89' lang='lat' dir='ltr'>annum.</span> 
     </span>
     <span class='ocr_line' id='line_1_17' title="bbox 253 1863 1961 1938; baseline 0.001 -20"><span class='ocrx_word' id='word_1_111' title='bbox 253 1875 581 1938; x_wconf 91' lang='lat' dir='ltr'>quaternum</span> <span class='ocrx_word' id='word_1_112' title='bbox 610 1866 878 1923; x_wconf 89' lang='lat' dir='ltr'>mensium</span> <span class='ocrx_word' id='word_1_113' title='bbox 913 1879 1140 1925; x_wconf 87' lang='lat' dir='ltr'>tesseras</span> <span class='ocrx_word' id='word_1_114' title='bbox 1171 1866 1302 1924; x_wconf 90' lang='lat' dir='ltr'>dare</span> <span class='ocrx_word' id='word_1_115' title='bbox 1330 1867 1648 1936; x_wconf 82' lang='lat' dir='ltr'>destinavit3</span> <span class='ocrx_word' id='word_1_116' title='bbox 1692 1864 1786 1921; x_wconf 91' lang='lat' dir='ltr'>sed</span> <span class='ocrx_word' id='word_1_117' title='bbox 1821 1863 1961 1921; x_wconf 91' lang='lat' dir='ltr'>desi-</span> 
     </span>
     <span class='ocr_line' id='line_1_18' title="bbox 253 1961 1959 2039; baseline 0.002 -22"><span class='ocrx_word' id='word_1_118' title='bbox 253 1961 466 2021; x_wconf 89' lang='lat' dir='ltr'>deranti</span> <span class='ocrx_word' id='word_1_119' title='bbox 494 1966 940 2024; x_wconf 89' lang='lat' dir='ltr'>consuetudinem</span> <span class='ocrx_word' id='word_1_120' title='bbox 970 1981 1209 2025; x_wconf 89' lang='lat' dir='ltr'>veterem</span> <span class='ocrx_word' id='word_1_121' title='bbox 1242 1968 1509 2026; x_wconf 84' lang='lat' dir='ltr'>concessit</span> <span class='ocrx_word' id='word_1_122' title='bbox 1539 1987 1756 2039; x_wconf 80' lang='lat' dir='ltr'>rursuS,</span> <span class='ocrx_word' id='word_1_123' title='bbox 1782 1977 1846 2022; x_wconf 93' lang='lat' dir='ltr'>ut</span> <span class='ocrx_word' id='word_1_124' title='bbox 1874 1964 1959 2020; x_wconf 91' lang='lat' dir='ltr'>sui</span> 
     </span>
     <span class='ocr_line' id='line_1_19' title="bbox 253 2065 1964 2147; baseline 0.001 -28"><span class='ocrx_word' id='word_1_125' title='bbox 253 2065 516 2142; x_wconf 89' lang='lat' dir='ltr'>cujusque</span> <span class='ocrx_word' id='word_1_126' title='bbox 557 2068 756 2124; x_wconf 89' lang='lat' dir='ltr'>mensis</span> <span class='ocrx_word' id='word_1_127' title='bbox 798 2069 1081 2147; x_wconf 90' lang='lat' dir='ltr'>acciperet.</span> <span class='ocrx_word' id='word_1_128' title='bbox 1129 2069 1497 2126; x_wconf 88' lang='lat' dir='ltr'>Comitiorum</span> <span class='ocrx_word' id='word_1_129' title='bbox 1527 2088 1747 2145; x_wconf 91' lang='lat' dir='ltr'>quoque</span> <span class='ocrx_word' id='word_1_130' title='bbox 1787 2066 1964 2144; x_wconf 88' lang='lat' dir='ltr'>pristi-</span> 
     </span>
     <span class='ocr_line' id='line_1_20' title="bbox 258 2166 1961 2247; baseline 0.001 -28"><span class='ocrx_word' id='word_1_131' title='bbox 258 2184 393 2220; x_wconf 91' lang='lat' dir='ltr'>num</span> <span class='ocrx_word' id='word_1_132' title='bbox 420 2166 509 2242; x_wconf 82' lang='lat' dir='ltr'>jus</span> <span class='ocrx_word' id='word_1_133' title='bbox 539 2166 753 2222; x_wconf 84' lang='lat' dir='ltr'>reduxit</span> <span class='ocrx_word' id='word_1_134' title='bbox 782 2189 794 2223; x_wconf 79' lang='lat' dir='ltr'><em>z</em></span> <span class='ocrx_word' id='word_1_135' title='bbox 827 2188 889 2224; x_wconf 92' lang='lat' dir='ltr'>ac</span> <span class='ocrx_word' id='word_1_136' title='bbox 921 2166 1212 2246; x_wconf 87' lang='lat' dir='ltr'>multiplici</span> <span class='ocrx_word' id='word_1_137' title='bbox 1249 2189 1411 2247; x_wconf 84' lang='lat' dir='ltr'>poena</span> <span class='ocrx_word' id='word_1_138' title='bbox 1444 2169 1682 2225; x_wconf 89' lang='lat' dir='ltr'>coercito</span> <span class='ocrx_word' id='word_1_139' title='bbox 1713 2166 1925 2222; x_wconf 90' lang='lat' dir='ltr'>ambitu</span> <span class='ocrx_word' id='word_1_140' title='bbox 1946 2209 1961 2238; x_wconf 95' lang='lat'>,</span> 
     </span>
     <span class='ocr_line' id='line_1_21' title="bbox 255 2263 1960 2344; baseline 0.002 -26"><span class='ocrx_word' id='word_1_141' title='bbox 255 2263 504 2321; x_wconf 90' lang='lat' dir='ltr'>Fabianis</span> <span class='ocrx_word' id='word_1_142' title='bbox 533 2278 587 2321; x_wconf 88' lang='lat' dir='ltr'>et</span> <span class='ocrx_word' id='word_1_143' title='bbox 614 2267 1042 2344; x_wconf 79' lang='lat' dir='ltr'>ScaptiensibUS,</span> <span class='ocrx_word' id='word_1_144' title='bbox 1072 2267 1366 2326; x_wconf 90' lang='lat' dir='ltr'>tribulibus</span> <span class='ocrx_word' id='word_1_145' title='bbox 1404 2268 1514 2325; x_wconf 90' lang='lat' dir='ltr'>suis</span> <span class='ocrx_word' id='word_1_146' title='bbox 1536 2310 1552 2341; x_wconf 92' lang='lat'>,</span> <span class='ocrx_word' id='word_1_147' title='bbox 1582 2268 1669 2323; x_wconf 91' lang='lat' dir='ltr'>die</span> <span class='ocrx_word' id='word_1_148' title='bbox 1706 2266 1960 2323; x_wconf 91' lang='lat' dir='ltr'>comitio-</span> 
     </span>
     <span class='ocr_line' id='line_1_22' title="bbox 256 2366 1961 2445; baseline 0.002 -27"><span class='ocrx_word' id='word_1_149' title='bbox 256 2384 407 2435; x_wconf 90' lang='lat' dir='ltr'>rum,</span> <span class='ocrx_word' id='word_1_150' title='bbox 449 2386 518 2421; x_wconf 89' lang='lat' dir='ltr'>ne</span> <span class='ocrx_word' id='word_1_151' title='bbox 547 2366 681 2443; x_wconf 90' lang='lat' dir='ltr'>quid</span> <span class='ocrx_word' id='word_1_152' title='bbox 711 2387 742 2422; x_wconf 92' lang='lat' dir='ltr'>a</span> <span class='ocrx_word' id='word_1_153' title='bbox 776 2388 1052 2445; x_wconf 90' lang='lat' dir='ltr'>quoquam</span> <span class='ocrx_word' id='word_1_154' title='bbox 1082 2368 1375 2426; x_wconf 88' lang='lat' dir='ltr'>candidato</span> <span class='ocrx_word' id='word_1_155' title='bbox 1409 2367 1805 2439; x_wconf 87' lang='lat' dir='ltr'>desiderarent,</span> <span class='ocrx_word' id='word_1_156' title='bbox 1851 2367 1961 2422; x_wconf 89' lang='lat' dir='ltr'>sin·-</span> 
     </span>
     <span class='ocr_line' id='line_1_23' title="bbox 255 2448 1961 2545; baseline 0.002 -27"><span class='ocrx_word' id='word_1_157' title='bbox 255 2462 381 2540; x_wconf 87' lang='lat' dir='ltr'>gula</span> <span class='ocrx_word' id='word_1_158' title='bbox 424 2464 594 2522; x_wconf 90' lang='lat' dir='ltr'>millia</span> <span class='ocrx_word' id='word_1_159' title='bbox 634 2448 922 2525; x_wconf 86' lang='lat' dir='ltr'>nummum</span> <span class='ocrx_word' id='word_1_160' title='bbox 959 2489 990 2526; x_wconf 92' lang='lat' dir='ltr'>a</span> <span class='ocrx_word' id='word_1_161' title='bbox 1041 2489 1096 2526; x_wconf 92' lang='lat' dir='ltr'>se</span> <span class='ocrx_word' id='word_1_162' title='bbox 1138 2469 1428 2525; x_wconf 89' lang='lat' dir='ltr'>dividebat.</span> <span class='ocrx_word' id='word_1_163' title='bbox 1469 2468 1660 2544; x_wconf 82' lang='lat' dir='ltr'>Magni</span> <span class='ocrx_word' id='word_1_164' title='bbox 1699 2477 1961 2545; x_wconf 86' lang='lat' dir='ltr'>praeterea</span> 
     </span>
     <span class='ocr_line' id='line_1_24' title="bbox 254 2563 1963 2646; baseline 0.001 -28"><span class='ocrx_word' id='word_1_165' title='bbox 254 2563 591 2639; x_wconf 78' lang='lat' dir='ltr'>existimans,</span> <span class='ocrx_word' id='word_1_166' title='bbox 622 2567 893 2624; x_wconf 89' lang='lat' dir='ltr'>sincerum</span> <span class='ocrx_word' id='word_1_167' title='bbox 911 2579 1073 2646; x_wconf 88' lang='lat' dir='ltr'>atque</span> <span class='ocrx_word' id='word_1_168' title='bbox 1100 2569 1169 2626; x_wconf 90' lang='lat' dir='ltr'>ab</span> <span class='ocrx_word' id='word_1_169' title='bbox 1193 2569 1340 2625; x_wconf 90' lang='lat' dir='ltr'>omni</span> <span class='ocrx_word' id='word_1_170' title='bbox 1361 2566 1670 2625; x_wconf 91' lang='lat' dir='ltr'>colluvione</span> <span class='ocrx_word' id='word_1_171' title='bbox 1691 2566 1963 2644; x_wconf 89' lang='lat' dir='ltr'>peregrini</span> 
     </span>
     <span class='ocr_line' id='line_1_25' title="bbox 256 2662 1963 2748; baseline 0.002 -30"><span class='ocrx_word' id='word_1_172' title='bbox 256 2683 319 2719; x_wconf 85' lang='lat' dir='ltr'>ac</span> <span class='ocrx_word' id='word_1_173' title='bbox 349 2662 555 2720; x_wconf 88' lang='lat' dir='ltr'>servilis</span> <span class='ocrx_word' id='word_1_174' title='bbox 585 2668 862 2744; x_wconf 85' lang='lat' dir='ltr'>sanguinis</span> <span class='ocrx_word' id='word_1_175' title='bbox 901 2669 1281 2748; x_wconf 87' lang='lat' dir='ltr'>incorruptum</span> <span class='ocrx_word' id='word_1_176' title='bbox 1317 2687 1530 2726; x_wconf 85' lang='lat' dir='ltr'>servare</span> <span class='ocrx_word' id='word_1_177' title='bbox 1572 2666 1869 2746; x_wconf 87' lang='lat' dir='ltr'>populum,</span> <span class='ocrx_word' id='word_1_178' title='bbox 1908 2677 1963 2722; x_wconf 91' lang='lat' dir='ltr'>et</span> 
     </span>
     <span class='ocr_line' id='line_1_26' title="bbox 257 2763 1959 2844; baseline 0.001 -26"><span class='ocrx_word' id='word_1_179' title='bbox 257 2763 531 2820; x_wconf 90' lang='lat' dir='ltr'>civitatem</span> <span class='ocrx_word' id='word_1_180' title='bbox 574 2784 859 2822; x_wconf 87' lang='lat' dir='ltr'>romanam</span> <span class='ocrx_word' id='word_1_181' title='bbox 887 2769 1201 2844; x_wconf 88' lang='lat' dir='ltr'>parcissime</span> <span class='ocrx_word' id='word_1_182' title='bbox 1244 2767 1426 2841; x_wconf 88' lang='lat' dir='ltr'>dedit,</span> <span class='ocrx_word' id='word_1_183' title='bbox 1457 2779 1511 2824; x_wconf 90' lang='lat' dir='ltr'>et</span> <span class='ocrx_word' id='word_1_184' title='bbox 1537 2765 1959 2823; x_wconf 91' lang='lat' dir='ltr'>manumittendi</span> 
     </span>
     <span class='ocr_line' id='line_1_27' title="bbox 257 2862 1963 2944; baseline 0.001 -26"><span class='ocrx_word' id='word_1_185' title='bbox 257 2862 481 2919; x_wconf 91' lang='lat' dir='ltr'>modum</span> <span class='ocrx_word' id='word_1_186' title='bbox 515 2865 845 2920; x_wconf 88' lang='lat' dir='ltr'>terminavit.</span> <span class='ocrx_word' id='word_1_187' title='bbox 879 2866 1120 2939; x_wconf 90' lang='lat' dir='ltr'>Tiberio,</span> <span class='ocrx_word' id='word_1_188' title='bbox 1146 2887 1247 2943; x_wconf 89' lang='lat' dir='ltr'>pro</span> <span class='ocrx_word' id='word_1_189' title='bbox 1276 2866 1471 2923; x_wconf 88' lang='lat' dir='ltr'>cliente</span> <span class='ocrx_word' id='word_1_190' title='bbox 1502 2869 1697 2923; x_wconf 85' lang='lat' dir='ltr'>Graeco</span> <span class='ocrx_word' id='word_1_191' title='bbox 1724 2867 1963 2944; x_wconf 88' lang='lat' dir='ltr'>petenti,</span> 
     </span>
     <span class='ocr_line' id='line_1_28' title="bbox 255 2963 1962 3042; baseline 0.001 -24"><span class='ocrx_word' id='word_1_192' title='bbox 255 2964 556 3041; x_wconf 85' lang='lat' dir='ltr'>rescripsit,</span> <span class='ocrx_word' id='word_1_193' title='bbox 583 2965 759 3022; x_wconf 76' lang='lat' dir='ltr'>«Non</span> <span class='ocrx_word' id='word_1_194' title='bbox 799 2963 957 3023; x_wconf 88' lang='lat' dir='ltr'>aliter</span> <span class='ocrx_word' id='word_1_195' title='bbox 999 2985 1055 3021; x_wconf 92' lang='lat' dir='ltr'>se</span> <span class='ocrx_word' id='word_1_196' title='bbox 1105 2964 1387 3036; x_wconf 88' lang='lat' dir='ltr'>daturum,</span> <span class='ocrx_word' id='word_1_197' title='bbox 1436 2986 1599 3042; x_wconf 88' lang='lat' dir='ltr'>quam</span> <span class='ocrx_word' id='word_1_198' title='bbox 1644 2966 1688 3021; x_wconf 91' lang='lat' dir='ltr'>si</span> <span class='ocrx_word' id='word_1_199' title='bbox 1729 2985 1962 3042; x_wconf 79' lang='lat' dir='ltr'>praesens</span> 
     </span>
     <span class='ocr_line' id='line_1_29' title="bbox 258 3063 1963 3144; baseline 0.001 -26"><span class='ocrx_word' id='word_1_200' title='bbox 258 3063 359 3119; x_wconf 89' lang='lat' dir='ltr'>sibi</span> <span class='ocrx_word' id='word_1_201' title='bbox 392 3065 770 3141; x_wconf 89' lang='lat' dir='ltr'>persuasisset,</span> <span class='ocrx_word' id='word_1_202' title='bbox 798 3085 964 3144; x_wconf 88' lang='lat' dir='ltr'>quam</span> <span class='ocrx_word' id='word_1_203' title='bbox 994 3066 1166 3143; x_wconf 88' lang='lat' dir='ltr'>justas</span> <span class='ocrx_word' id='word_1_204' title='bbox 1206 3063 1427 3143; x_wconf 86' lang='lat' dir='ltr'>petendi</span> <span class='ocrx_word' id='word_1_205' title='bbox 1462 3086 1651 3122; x_wconf 89' lang='lat' dir='ltr'>causas</span> <span class='ocrx_word' id='word_1_206' title='bbox 1682 3066 1963 3121; x_wconf 77' lang='lat' dir='ltr'>haberet.»</span> 
     </span>
     <span class='ocr_line' id='line_1_30' title="bbox 259 3164 1965 3244; baseline 0.002 -26"><span class='ocrx_word' id='word_1_207' title='bbox 259 3165 330 3219; x_wconf 91' lang='lat' dir='ltr'>Et</span> <span class='ocrx_word' id='word_1_208' title='bbox 362 3164 552 3232; x_wconf 75' lang='lat' dir='ltr'>Liviae,</span> <span class='ocrx_word' id='word_1_209' title='bbox 582 3185 683 3241; x_wconf 87' lang='lat' dir='ltr'>pro</span> <span class='ocrx_word' id='word_1_210' title='bbox 719 3165 955 3241; x_wconf 83' lang='lat' dir='ltr'>quodam</span> <span class='ocrx_word' id='word_1_211' title='bbox 987 3166 1279 3223; x_wconf 87' lang='lat' dir='ltr'>tributario</span> <span class='ocrx_word' id='word_1_212' title='bbox 1309 3164 1472 3222; x_wconf 90' lang='lat' dir='ltr'>Gallo</span> <span class='ocrx_word' id='word_1_213' title='bbox 1502 3167 1747 3244; x_wconf 19' lang='lat' dir='ltr'>rogant-i,</span> <span class='ocrx_word' id='word_1_214' title='bbox 1772 3166 1965 3222; x_wconf 88' lang='lat' dir='ltr'>civita-</span> 
     </span>
     <span class='ocr_line' id='line_1_31' title="bbox 261 3265 1961 3342; baseline 0.001 -23"><span class='ocrx_word' id='word_1_215' title='bbox 261 3275 368 3319; x_wconf 87' lang='lat' dir='ltr'>tem</span> <span class='ocrx_word' id='word_1_216' title='bbox 407 3265 651 3342; x_wconf 77' lang='lat' dir='ltr'>negavit,</span> <span class='ocrx_word' id='word_1_217' title='bbox 684 3266 1082 3322; x_wconf 86' lang='lat' dir='ltr'>immunitatem</span> <span class='ocrx_word' id='word_1_218' title='bbox 1113 3265 1340 3340; x_wconf 78' lang='lat' dir='ltr'>obtulit,</span> <span class='ocrx_word' id='word_1_219' title='bbox 1374 3266 1801 3338; x_wconf 81' lang='lat' dir='ltr'>affi1·111ans,«Se</span> <span class='ocrx_word' id='word_1_220' title='bbox 1837 3265 1961 3322; x_wconf 79' lang='lat' dir='ltr'>saci-</span> 
     </span>
    </p>
   </div>
  </div>
 </body>
</html>
