2372 3918
382 252 476 301 240
1051 248 1097 293 C.
1135 249 1420 294 SUETONII

380 350 670 407 noxiorum
719 349 954 428 quidem.
1005 353 1268 408 Exhibuit
1308 364 1488 408 autem
1533 350 1602 406 ad
1660 350 1862 406 ferrum
1918 353 2077 407 ctiam

379 449 807 527 quadringentos
841 462 1140 521 senatores,
1158 464 1544 527 sexcentosque
1569 451 1774 527 equites
1803 471 2081 522 romanOS,

376 562 432 606 et
475 549 738 627 quosdam
780 549 1012 606 fortunae
1051 562 1214 626 atque
1256 551 1672 607 existimationis
1717 551 1939 627 integrae
1972 571 1985 605 ε
2019 571 2081 606 ex

378 648 569 706 iisdem
599 649 880 713 ordinibus
921 649 1257 706 confectores
1288 671 1509 728 quoque
1543 651 1777 707 ferarum
1798 694 1812 720 ,
1847 663 1902 706 et
1933 651 2080 706 varia

377 768 552 804 arenae
579 749 894 804 ministeria.
915 748 1179 805 Exhibuit
1199 762 1256 809 et
1278 750 1658 807 naumachiam
1680 750 1888 805 marina
1911 771 2079 826 aqua,

358 847 690 910 *innantibus
719 846 915 903 belluis
945 869 958 903 ε
988 849 1119 903 item
1144 848 1462 925 pyrrhichas
1489 848 1752 926 quasdam
1786 870 1815 904 e
1849 870 2079 904 numero

371 947 737 1025 epheborum,
769 948 967 1025 quibus
996 960 1121 1025 post
1150 948 1351 1006 editam
1383 970 1605 1026 operam
1627 948 1925 1026 diplomata
1954 950 2081 1005 civi-

371 1048 497 1104 tatis
527 1067 763 1104 romanae
799 1047 1025 1126 singulis
1056 1046 1270 1105 obtulit.
1296 1052 1447 1106 Inter
1470 1049 1889 1127 pyrrhicharum
1922 1070 2080 1127 argu-

370 1159 554 1205 menta
570 1191 586 1221 ‚
610 1161 798 1205 taurus
829 1148 1132 1227 Pasiphaen
1148 1191 1164 1221 ,
1196 1147 1379 1226 ligneo
1404 1149 1652 1225 juvencae
1676 1148 1965 1205 simulacro
1988 1148 2079 1204 ab·

370 1245 577 1321 ditam,
610 1248 764 1320 iniit,
800 1260 864 1304 ut
897 1247 1057 1304 multi
1098 1249 1458 1325 spectantium
1493 1248 1857 1304 crediderunt.
1892 1251 2077 1304 Icarus

366 1347 547 1423 primo
567 1347 751 1402 statim
767 1358 964 1403 conatu
985 1346 1142 1423 juxta
1160 1346 1471 1404 cubiculum
1491 1347 1607 1423 ejus
1622 1346 1847 1420 decidit,
1868 1348 2075 1424 ipsum-

367 1466 477 1523 que
517 1465 709 1503 cruore
739 1447 1008 1524 respersit.
1042 1449 1186 1505 Nam
1225 1467 1452 1524 perraro
1487 1446 1806 1524 praesidere,
1839 1458 2076 1503 ceterum

366 1546 666 1617 accubanS,
693 1547 873 1623 parvis
909 1546 1148 1624 primum
1188 1547 1544 1604 foraminibus
1564 1590 1579 1619 ,
1612 1546 1806 1603 deinde
1835 1559 1951 1603 toto
1983 1569 2079 1625 po-

364 1645 457 1702 dio
486 1646 745 1724 adaperto
766 1688 781 1719 ,
810 1659 1053 1724 spectare
1085 1659 1390 1703 consuerat.
1417 1647 1662 1705 Instituit
1689 1660 1744 1703 et
1776 1649 2078 1724 quinquen-

364 1744 512 1802 nale‘
538 1759 814 1802 certamen
862 1748 1069 1823 primus
1124 1747 1372 1802 omnium
1424 1749 1611 1803 Romae
1630 1789 1645 1819 ,
1690 1768 1845 1802 more
1898 1769 2075 1825 graeco

363 1843 560 1923 triplex
575 1888 591 1916 ,
619 1847 887 1902 musicum
901 1889 916 1918 ,
944 1846 1253 1924 gymnicum
1272 1890 1287 1916 ‚
1301 1848 1560 1922 ¹equestre
1574 1889 1589 1917 ,
1607 1846 1757 1923 quod
1777 1845 2076 1924 appellavit

363 1945 635 2003 Neronia.
665 1945 1050 2023 Dedicatisque
1079 1944 1303 2002 thermis
1335 1959 1500 2023 atque
1524 1948 1833 2025 gymnasiO,
1864 1950 2075 2004 senatui

364 2065 584 2122 quoque
621 2058 676 2103 et
715 2047 886 2123 equiti
919 2045 1099 2104 oleum
1127 2048 1377 2124 praebuit.
1417 2049 1714 2126 Magistros
1757 2050 1855 2104 toti
1899 2062 2073 2106 certa-

362 2145 494 2201 mini
519 2147 816 2223 praeposuit
844 2144 1154 2203 consulares
1182 2159 1350 2219 sorte,
1372 2146 1496 2203 sede
1523 2160 1850 2224 praetorum:
1876 2147 2072 2205 deinde

359 2245 417 2300 in
450 2245 782 2301 orchestram
817 2258 1178 2323 senatumque
1218 2246 1529 2320 descendit,
1565 2260 1620 2303 et
1655 2249 1917 2303 orationis
1947 2249 2072 2324 qui-

361 2343 485 2399 dem
514 2346 877 2422 carminisque
910 2342 1064 2402 latini
1102 2364 1394 2419 coronam,
1423 2346 1491 2402 de
1519 2367 1627 2423 qua
1656 2348 2069 2403 honestissimus

359 2445 588 2522 quisque
620 2446 1008 2519 contenderat,
1038 2448 1282 2523 ipsorum
1313 2463 1580 2501 consensu
1615 2467 1926 2502 concessam
1969 2449 2072 2503 sibi

358 2545 560 2621 recepit
591 2566 603 2600 :
631 2537 848 2601 citharae
871 2557 1051 2601 autem
1071 2588 1086 2615 ,
1121 2566 1153 2600 a
1175 2545 1450 2621 judicibus
1473 2545 1541 2600 ad
1563 2566 1619 2601 se
1647 2545 1884 2601 delatam
1907 2589 1921 2617 ,
1946 2547 2072 2602 ado-

357 2644 528 2710 ravit,
574 2642 813 2719 ferrique
866 2643 934 2698 ad
981 2645 1212 2721 Augusti
1257 2657 1491 2700 statuam
1543 2646 1718 2722 jussit.
1772 2648 2070 2723 Gymnioe,

358 2740 508 2817 quod
525 2742 581 2796 in
597 2743 773 2820 Septis
789 2742 1008 2815 edebat,
1030 2744 1171 2799 inter
1191 2743 1456 2822 buthysiae
1479 2758 1827 2823 apparatum,
1843 2747 2069 2803 barbam

357 2842 591 2919 primam
635 2843 859 2919 posuit,
898 2842 1281 2920 conditamque
1330 2844 1385 2898 in
1437 2865 1660 2900 auream
1703 2846 1979 2923 pyxidem,
2015 2860 2069 2902 et

357 2940 757 3018 pretiosissimis
810 2943 1118 3020 margaritis
1177 2943 1497 2999 adornatam
1515 2985 1530 3016 ,
1583 2946 1706 3001 Jovi
1757 2946 2066 3023 Capitolino

359 3042 710 3099 consecravit.
762 3041 849 3099 Ad
899 3041 1227 3098 athletarum
1282 3043 1650 3119 spectaculum
1713 3046 1961 3102 invitavit
2013 3058 2066 3101 et

357 3141 592 3218 virgines
622 3140 878 3214 vestales,
908 3143 1035 3218 quia
1066 3140 1332 3218 Olympiae
1369 3149 1588 3220 quoque
1630 3145 1844 3202 Cereris
1892 3164 2065 3200 sacer-

357 3238 574 3295 dotibus
598 3253 841 3317 spectare
870 3239 1201 3297 conceditur.
