2372 3918
697 282 763 328 IN
797 282 1100 329 TIBERIUM
1137 283 1458 328 NERONEM.
1836 300 1926 341 227

291 379 633 441 Elephantidck.
660 379 874 453 Meminit
898 380 1060 432 Mart,
1094 392 1187 434 xu,
1215 377 1298 435 43,
1326 381 1350 430 4
1383 394 1392 419 :

391 523 535 575 Quales
556 535 629 563 nec
646 521 808 575 Didymi
829 520 960 561 sciunt
982 521 1139 574 puelle,

390 593 473 632 Nec
491 591 625 632 molles
647 589 928 646 Elephantidos
947 589 1088 630 libelli.

289 727 396 772 Car.
422 727 589 772 XLIV.
617 726 866 771 Dedicavit.
891 725 1013 772 Vide
1037 727 1194 781 Pus„
1219 741 1360 782 xxxv,
1397 740 1452 769 10
1477 741 1488 768 z
1513 744 1538 765 α
1556 724 1824 770 Parrhasius
1846 740 1934 770 cu·-

217 803 375 850 biculo
405 820 491 850 suo
516 802 718 849 inclusit.
745 822 764 844 υ

288 893 394 936 Cn.
427 892 572 936 XLV.
604 890 866 935 Atellanico
895 891 1078 935 exodio.
1112 891 1168 934 In
1190 890 1414 935 Atellanis
1437 888 1606 935 fabulis
1631 888 1717 954 (sic
1740 889 1876 936 dictis
1910 906 1934 935 a

217 967 401 1013 civitate
422 968 653 1014 Oscorum
677 965 850 1029 Atella)
874 965 1044 1012 exodia
1080 975 1213 1012 erant
1248 966 1482 1023 diverbia,
1513 983 1619 1027 quae
1654 977 1824 1027 praeter
1853 982 1931 1013 ar·-

215 1053 489 1104 gumentum
509 1043 679 1089 fabulis
703 1043 1043 1100 inserebantur,
1073 1044 1133 1088 ad
1172 1043 1316 1088 risum
1351 1043 1664 1100 movendum,
1688 1043 1882 1105 egressis
1910 1060 1935 1088 e

216 1135 351 1164 scena
379 1119 613 1180 tragoedis.
638 1121 804 1178 Juven.
820 1155 832 1176 ,
855 1135 929 1175 w,
957 1135 1011 1176 71
1041 1137 1052 1163 :

387 1263 556 1304 Urbicus
578 1259 721 1304 e'xodio
739 1263 861 1304 risum
881 1272 1012 1321 movet
1030 1265 1234 1304 Atellanae.

217 1403 290 1448 Sic
327 1402 387 1448 de
423 1403 677 1447 exodckzriets·
713 1403 857 1448 schol.
887 1405 1053 1448 Juveu.
1095 1404 1143 1447 in
1177 1412 1259 1449 sat.
1300 1419 1392 1459 111,
1433 1402 1519 1461 ¹75
1558 1420 1569 1447 z
1610 1422 1630 1443 ι
1657 1402 1936 1448 Exodiarius

217 1479 344 1539 apud
365 1487 544 1524 veteres
567 1478 616 1524 in
643 1478 736 1524 fine
760 1480 983 1525 ludorum
1006 1481 1236 1538 intrabat,
1261 1480 1394 1540 quod
1428 1480 1654 1526 ridiculus
1677 1480 1800 1525 foret
1814 1514 1827 1537 ,
1858 1488 1937 1536 ut,

216 1555 451 1617 quidquid
474 1557 783 1618 lacrymarum
805 1566 946 1617 atque
972 1557 1168 1603 tristitiae
1191 1558 1450 1619 coegissent
1466 1572 1523 1603 ex
1546 1556 1733 1617 tragicis
1754 1556 1937 1619 affecti·

216 1633 327 1692 bus,
348 1633 490 1693 hujus
512 1634 765 1695 spectaculi
787 1634 907 1680 risus
930 1635 1206 1696 detergeret.
1225 1655 1243 1676 »

279 1722 386 1766 Car.
413 1722 580 1767 XLVI.
605 1722 784 1767 Parcus
808 1732 855 1766 et
873 1732 1033 1767 tenax.
1059 1722 1262 1768 Videtur
1278 1731 1459 1780 auctor,
1483 1731 1536 1766 ut
1551 1721 1665 1768 dicit
1688 1720 1755 1766 Cl.
1775 1722 1905 1766 Hase
1921 1754 1935 1774 ,

216 1797 275 1843 de
292 1797 582 1857 parcimonia
603 1807 786 1843 tantum
808 1800 968 1860 loqui,
994 1807 1140 1860 quam
1166 1815 1274 1862 erga
1291 1815 1338 1844 se
1362 1799 1515 1858 ipsum
1545 1813 1749 1858 suosque
1773 1798 1936 1844 obser-

216 1873 367 1932 vavit,
402 1882 505 1920 test.
543 1874 711 1932 Dion,
748 1891 874 1932 Lvll,
909 1891 956 1935 p.
997 1876 1092 1922 618
1119 1893 1129 1920 :
1170 1874 1381 1939 Ἐλάχιστος.
1411 1870 1506 1940 γὰρ’
1526 1883 1562 1931 ἐς
1594 1883 1712 1924 αὐτὸν
1738 1877 1935 1924 δαπανῶν

213 1959 388 2001 πλεῖστοι
412 1960 448 2008 ἐς
470 1960 514 2001 τὸ
537 1960 671 2013 κοινὸν,
687 1959 891 2006 ἀνήλισκε.
917 1953 986 1998 Cf.
1014 1954 1207 2010 Tacit,
1242 1955 1442 2008 Annal.,
1471 1968 1513 2008 1,
1546 1950 1622 2009 75.

283 2038 530 2086 Clas-ribus.
555 2041 611 2091 H.
636 2055 676 2085 e.
704 2040 952 2086 ordinibus
977 2057 988 2086 x
1019 2028 1200 2087 veteres
1224 2041 1347 2086 enim
1370 2041 1420 2085 in
1441 2039 1594 2085 varias
1613 2042 1790 2084 classes
1815 2039 1936 2085 ami—

216 2130 296 2161 cos
332 2115 630 2162 ordinabant.
655 2117 845 2174 Senec.,
877 2118 938 2162 de
964 2119 1128 2178 Bencf.
1149 2153 1162 2174 ,
1197 2134 1275 2176 vl,
1308 2118 1369 2171 34
1405 2133 1417 2161 ε
1456 2135 1478 2156 «
1504 2115 1646 2175 Apud
1681 2131 1768 2161 nos
1798 2115 1939 2176 primi

216 2192 425 2238 omnium
462 2193 513 2238 C.
551 2194 791 2238 Gracchus
821 2202 868 2238 et
907 2209 1020 2239 mox
1056 2196 1107 2238 L.
1138 2197 1318 2240 Drusus
1355 2192 1658 2238 instituerunt
1695 2207 1938 2254 segregare

146 2313 158 2327 ⁶
216 2269 402 2314 turbam
425 2283 618 2314 suam....
644 2269 914 2314 habuerunt
938 2270 1097 2329 itaque
1121 2270 1199 2316 isti
1226 2270 1401 2316 amicos
1433 2267 1638 2328 primos,
1667 2269 1937 2313 habuerunt

175 2391 182 2402 Ι
217 2354 262 2389 et
291 2344 535 2391 secundos.
561 2364 579 2384 υ
610 2344 679 2390 Cf.
706 2346 972 2403 Laurum„
998 2346 1046 2390 in
1072 2347 1327 2390 Alexandr.
1343 2379 1357 2399 ,
1384 2360 1461 2390 xx.

281 2435 390 2478 CAr.
414 2433 612 2479 XLVII.
638 2434 938 2493 Imperfecta.
964 2433 1109 2478 Tacit.
1127 2467 1141 2491 ,
1163 2436 1335 2478 Annal.
1351 2465 1364 2485 ‚
1396 2449 1468 2491 vi,
1494 2432 1583 2487 45:
1616 2452 1639 2474 α
1657 2433 1726 2477 Ne
1747 2430 1935 2491 publice

217 2509 430 2569 quidem,
451 2508 541 2554 nisi
578 2509 676 2555 duo
715 2525 887 2570 opera,
926 2510 1117 2566 struxit,
1154 2511 1378 2571 templum
1415 2513 1630 2572 Augusto
1671 2516 1716 2552 et
1753 2522 1934 2552 scenam

220 2585 489 2646 Pompeiani
516 2586 707 2644 theatri,
731 2603 879 2648 eaque
890 2589 1132 2648 perfecta,
1162 2595 1403 2632 contemtu
1435 2586 1722 2641 ambitionis,
1761 2600 1818 2629 an
1850 2599 1936 2643 per

216 2672 501 2708 senectutem
517 2697 529 2719 ,
561 2663 690 2708 haud
714 2663 965 2709 dedicavit.
990 2684 1009 2704 »

284 2753 451 2796 Ferret.
478 2752 665 2807 Senec.‚
702 2753 762 2796 de
796 2751 987 2811 Benes.,
1015 2768 1083 2808 ιι,
1115 2769 1139 2811 7
1168 2770 1179 2797 τ
1207 2773 1226 2793 α
1249 2752 1466 2799 Tiberius
1497 2752 1649 2800 caesar
1685 2757 1879 2810 rogatus
1910 2764 1935 2792 a

216 2828 402 2887 Nepote
446 2828 610 2872 Marco
647 2827 773 2872 Anio
811 2828 1060 2888 praetorio,
1099 2838 1151 2874 ut
1184 2830 1262 2874 aeri
1297 2828 1448 2874 alieno
1487 2827 1587 2887 ejus
1619 2832 1934 2878 succurreret,

217 2903 354 2948 edere
391 2902 521 2947 illum
558 2902 648 2947 sibi
680 2902 872 2950 nomina
908 2904 1197 2950 creditorum
1228 2905 1409 2964 jussit...
1441 2906 1561 2949 Puto
1590 2900 1744 2947 noluit
1777 2901 1936 2960 plures

217 2993 335 3035 esse,
367 2975 450 3039 qui
471 2977 596 3024 idem
618 2978 831 3039 rogaturi
853 2990 1203 3028 concurrerent.
1234 3002 1252 3021 υ

286 3064 574 3110 Probas-sene.
601 3065 744 3123 Vell.‚
768 3081 810 3111 ιι
826 3100 839 3122 ,
871 3082 961 3129 ¹²9
990 3083 1000 3112 ε
1026 3087 1050 3109 α
1069 3069 1350 3114 Senatorum
1375 3080 1590 3122 censum,
1621 3079 1768 3125 quum
1791 3062 1843 3108 id
1857 3077 1934 3108 se·-

217 3148 326 3186 natu
363 3149 555 3191 auctore
586 3141 737 3188 facere
776 3143 959 3204 potuit,
1004 3158 1146 3206 quam
1182 3145 1383 3190 libenter
1428 3141 1657 3203 explevit,
1693 3149 1747 3186 ut
1778 3154 1933 3200 neque

215 3216 446 3262 luxuriam
467 3215 709 3274 invitaret,
725 3233 881 3279 neque
902 3220 1143 3266 honestam
1160 3229 1484 3281 paupertatem
1508 3225 1750 3278 pateretur
1771 3215 1933 3276 digni-

218 3301 310 3337 tate
335 3292 536 3338 destitui.
556 3315 573 3334 υ

1675 3376 1759 3434 15.
