2372 3918
328 275 419 319 268
752 276 755 277 ⁷
997 275 1044 319 C.
1076 276 1317 322 SUETON
1320 276 1366 320 11

325 377 604 434 salutatus.
643 379 719 433 Ut
783 378 850 433 ad
912 378 1301 457 deverticulum
1365 391 1583 435 ventum
1646 392 1754 451 est,
1800 381 2025 438 dimissis

322 479 475 554 equis
513 479 652 534 inter
687 477 937 534 fruticeta
967 499 1029 534 ac
1067 499 1281 556 vepres,
1313 501 1409 558 per
1439 479 1748 537 arundineti
1777 482 2024 538 semitam

322 599 488 656 aegre,
534 599 634 635 nec
683 580 803 634 nisi‘
832 590 1000 635 strata
1042 578 1143 634 sub
1178 579 1408 656 pedibus
1449 594 1628 651 veste,
1668 581 1735 636 ad
1779 602 2026 638 aversum

323 677 463 734 villae
501 680 763 755 parietem
797 679 982 735 evasit.
1017 678 1101 734 Ibi
1133 679 1387 736 hortante
1424 680 1613 738 eodem
1652 682 1933 755 Phaonte,
1965 696 2028 738 ut

324 780 541 835 interim
583 780 639 834 in
677 799 900 855 specum
937 790 1135 857 egestae
1169 800 1343 836 arenae
1385 781 1737 852 concederet,
1781 783 2026 861 negavit,

321 903 347 930 <c
369 900 425 935 se
457 880 642 961 vivum
667 878 770 935 sub
802 891 1004 935 terram
1035 880 1242 936 iturum
1276 902 1338 936 z»
1361 901 1425 938 ac
1444 903 1752 960 parumper
1791 904 2026 940 commo-

321 992 504 1053 ratuS,
535 980 667 1037 dum
702 980 1070 1038 clandestinus
1100 981 1169 1037 ad
1203 980 1388 1038 villam
1416 984 1671 1041 introitus
1712 997 2025 1062 pararetur,

320 1100 520 1156 aquam
568 1101 632 1136 ex
683 1080 925 1158 subjecta
971 1080 1162 1139 lacuna
1210 1095 1440 1160 poturus
1485 1105 1652 1141 manu
1700 1086 1911 1157 hausit3
1948 1099 2027 1155 ct,

321 1183 492 1236 «Haec
525 1193 674 1252 est,»
708 1182 909 1258 inquit,
944 1182 1226 1239 «Neronis
1266 1182 1503 1239 decocta.
1533 1208 1559 1236 »
1601 1185 1773 1255 Dein,
1818 1184 2027 1242 divulsa

322 1283 567 1338 sentibus
622 1282 861 1360 paenula,
908 1283 1163 1359 trajectos
1208 1283 1455 1340 surculos
1498 1287 1630 1341 rasit
1678 1306 1691 1340 z
1736 1298 1902 1362 atque
1953 1288 2028 1343 ita

319 1382 632 1460 quadrupes
674 1403 774 1459 per
811 1384 1088 1460 angustias
1135 1383 1342 1439 effossae
1381 1404 1621 1440 cavernae
1669 1398 1916 1462 receptus
1971 1389 2026 1442 in

321 1484 627 1561 proximam
658 1482 875 1556 cellam,
916 1483 1174 1539 decubuit
1210 1504 1374 1561 super
1408 1485 1640 1554 lectum,
1670 1485 1885 1544 modica
1914 1487 2028 1544 cul-

318 1585 456 1655 cita,
492 1596 673 1640 vetere
713 1583 879 1661 pallio
920 1597 1091 1640 strato
1123 1586 1465 1642 instructum.
1494 1589 1767 1663 Fameque
1809 1589 2026 1644 interim

317 1696 373 1740 et
405 1685 494 1740 siti
536 1683 945 1761 interpellante,
978 1705 1173 1762 panem
1211 1684 1430 1762 quidem
1462 1686 1742 1743 sordidum
1781 1688 2026 1745 oblatum

318 1798 636 1863 aspernatus
662 1797 775 1858 est,
805 1807 958 1862 aquae
987 1798 1169 1841 autem
1196 1785 1390 1863 tepidae
1414 1785 1754 1864 aliquantum
1787 1789 1943 1846 bibit.

397 1888 601 1943 XLIX.
631 1889 788 1942 Tunc
811 1907 1143 1962 unoquoque
1163 1887 1300 1943 vhinc
1334 1885 1460 1943 inde
1487 1888 1745 1958 instante,
1777 1902 1838 1945 ut
1862 1910 2026 1967 quam

319 1988 558 2063 primum
584 2006 640 2064 se
669 1986 1109 2063 impendentibus
1137 1986 1475 2044 contumeliis
1498 1989 1752 2065 eriperet,
1777 1991 2025 2047 scrobem

317 2107 503 2143 coram
534 2086 648 2143 fieri
681 2088 994 2164 imperavit,
1027 2086 1302 2143 dimensus
1338 2088 1406 2143 ad
1438 2091 1682 2166 corporis
1711 2093 1794 2145 sui
1831 2092 2026 2147 modu-

319 2186 429 2242 lum·
451 2208 464 2242 ε
486 2187 850 2263 componique
878 2184 1067 2260 simul,
1086 2187 1130 2241 si
1151 2207 1257 2262 qua
1279 2187 1671 2260 invenirentur,
1689 2189 1860 2245 frusta
1884 2211 2025 2247 mar-

319 2287 513 2359 moriS,
542 2300 598 2343 et
625 2307 823 2362 aquam
864 2285 1023 2342 simul
1055 2308 1118 2343 ac
1149 2285 1294 2364 ligna
1322 2288 1588 2358 conferri,
1624 2289 1866 2346 curando
1899 2312 2025 2348 mox

317 2387 593 2460 cadaveri,
623 2387 757 2443 flens
792 2386 860 2443 ad
898 2386 1147 2465 singula,
1179 2399 1343 2464 atque
1379 2388 1671 2444 identidem
1720 2390 1975 2447 dictitans
2013 2415 2024 2447 t

320 2512 347 2540 «
368 2486 564 2562 Qualis
595 2487 790 2562 artifex
818 2485 1012 2564 pereo!
1035 2513 1062 2540 n
1093 2490 1244 2543 Inter
1272 2507 1453 2542 moras
1474 2486 1712 2564 perlatos
1740 2510 1771 2544 a
1804 2511 2026 2548 cursore

317 2586 883 2644 Phaontiscodicillos
905 2586 1213 2663 praeripuit,
1244 2584 1503 2664 legitque,
1535 2611 1563 2639 «
1580 2609 1635 2644 se
1658 2589 1868 2645 hostem
1891 2611 1923 2647 a
1946 2613 2027 2648 se-

318 2699 449 2743 natu
465 2687 770 2764 judicatum
784 2730 800 2758 ,
827 2698 883 2742 et
903 2686 1098 2763 quaeri,
1126 2699 1189 2742 ut
1209 2688 1469 2764 puniatur
1488 2708 1641 2744 more
1673 2690 1944 2766 majorum
1965 2713 1978 2747 :
1996 2716 2023 2745 »

317 2789 811 2866 interrogavitque,
845 2785 1007 2863 quale
1037 2786 1092 2841 id
1129 2807 1302 2864 genus
1338 2800 1476 2844 esset
1521 2809 1709 2865 poenae.
1743 2793 1816 2846 Et
1853 2812 2023 2868 quum

316 2889 696 2966 comperisset,
715 2886 849 2944 nudi
872 2887 1110 2943 hominis
1128 2888 1390 2944 cervicem
1421 2888 1584 2945 inseri
1611 2890 1801 2962 furcae,
1825 2912 2024 2968 corpus

317 2989 482 3065 virgis
508 2987 577 3043 ad
608 3008 798 3044 necem
822 2987 987 3053 caedi;
1017 2989 1370 3057 conterrituS‚
1398 2987 1535 3045 duos
1563 2991 1853 3068 pugioneS,
1885 3012 2024 3067 quos

319 3109 505 3144 secum>
548 3087 842 3161 extulerat,
887 3088 1145 3164 arripuit;
1190 3099 1502 3165 tentataque
1548 3091 1832 3167 utriusque
1875 3093 2022 3160 acie,

319 3209 506 3245 rursus
537 3188 781 3246 condidit
797 3231 812 3260 ,
847 3199 1121 3259 causatuS,
1147 3211 1174 3238 «
1198 3188 1441 3244 nondum
1465 3189 1651 3247 adesse
1672 3190 1886 3246 fatalem
1922 3192 2022 3248 ho-

321 3308 451 3343 ram.
479 3314 505 3341 »
546 3292 622 3364 Ac
658 3289 821 3344 modo
859 3291 1096 3365 Sporum
1143 3289 1482 3367 hortabatur,
1523 3303 1581 3346 ut
1622 3290 1909 3349 lamentari
1958 3315 2021 3350 ac

2338 1415 2349 1494 ἔ

2339 1500 2348 1564 ¹.
