2372 3918
996 260 1198 306 Trms.
1914 257 1971 317 57

245 376 325 430 tia
380 373 581 429 minor.
627 367 1053 448 Amphitheatro
1103 362 1387 433 dedicate,
1438 361 1776 439 thermisque
1821 362 1981 439 juxta

244 473 500 531 celeriter
533 470 852 540 exstructiS,
897 485 1100 523 munus
1137 462 1309 521 edidit
1342 462 1826 542 apparatissimum
1869 459 1981 517 lar·

242 576 663 654 gissimumque.
691 569 863 630 Dedit
905 580 961 625 et
1012 564 1205 624 navale
1238 562 1495 643 proelium
1533 564 1588 619 in
1630 564 1798 619 veteri
1834 563 1983 618 Nau-

241 676 464 734 machia
490 697 504 733 :
534 673 740 731 ibidem
772 682 828 728 et
859 668 1190 749 gladiatores
1220 688 1232 724 :
1271 678 1438 744 atque
1473 684 1587 721 uno
1614 662 1702 719 die
1738 664 1986 740 quinque

242 775 416 834 millia
450 795 615 833 omne
649 792 825 852 genus
855 770 1112 828 ferarum.

320 880 476 938 VIII.
516 877 728 935 Natura
763 885 947 931 autem
979 869 1566 940 benevolentissimus,
1598 888 1774 945 quum
1811 888 1877 924 ex
1910 868 1989 923 in-

246 980 443 1036 stituto
468 975 676 1035 Tiberii
705 995 896 1032 omnes
919 972 1122 1029 dehinc
1152 974 1397 1030 Caesares
1427 969 1695 1028 beneficia
1715 1012 1730 1041 ,
1757 990 1787 1026 a
1823 989 1987 1046 supe·

251 1078 493 1136 rioribus
517 1097 776 1135 concessa
811 1074 1188 1154 principibus,
1218 1073 1381 1132 ali-ter
1405 1085 1528 1130 rata
1554 1093 1669 1129 non
1696 1072 1990 1143 haberent,

240 1199 410 1258 quam
450 1180 496 1235 si
544 1177 736 1236 eadem
770 1177 965 1236 iisdem
1010 1189 1065 1235 et
1094 1178 1202 1256 ipsi
1240 1175 1549 1247 dedissent,
1597 1176 1809 1255 primus
1848 1194 1990 1253 prae-

244 1281 408 1339 terita
443 1282 633 1338 omnia
660 1301 773 1338 uno
800 1280 1158 1338 confirmavit
1187 1278 1403 1351 ediet03
1440 1299 1544 1335 nec
1574 1298 1606 1335 a
1639 1298 1696 1335 se
1722 1278 1832 1356 peti
1868 1297 1994 1356 pas·

244 1403 336 1440 sus
367 1394 467 1440 est.
500 1385 568 1440 In
619 1384 816 1440 ceteris
861 1402 992 1438 vero
1026 1380 1307 1438 desideriis
1337 1380 1631 1437 hominum
1676 1380 1994 1437 obstinatis-

245 1485 381 1542 sime
427 1486 641 1557 tenuit,
679 1506 749 1540 ne
777 1505 948 1562 quem
986 1484 1104 1541 sine
1137 1504 1234 1562 spe
1263 1482 1582 1540 dimitteret.
1612 1482 1767 1557 Quin
1798 1494 1853 1539 et
1898 1481 1996 1538 ad·

245 1585 599 1643 monentibus
623 1584 937 1643 domesticis
954 1630 970 1655 ,
999 1610 1027 1638 (ι
1043 1585 1201 1662 quasi
1226 1583 1389 1663 plura
1413 1583 1791 1663 polliceretur,
1825 1604 1994 1661 quam

245 1700 506 1766 praestare
552 1701 737 1767 posset
770 1709 836 1744 z»
858 1722 940 1731 —-
965 1689 1149 1747 «Non
1194 1700 1479 1765 oportere,
1518 1711 1545 1740 »
1588 1688 1697 1756 ait,
1742 1710 1770 1739 «
1803 1699 1997 1764 quem·

244 1809 409 1866 quam
453 1809 487 1846 a
531 1810 785 1846 sermone
825 1788 1093 1867 principis
1141 1788 1355 1846 tristem
1408 1787 1707 1845 discedere.
1742 1812 1768 1840 ›>
1815 1790 1997 1865 Atque

246 1891 410 1949 etiam
454 1890 779 1948 recordatus
825 1888 1111 1968 quondam
1155 1910 1325 1968 super
1371 1910 1623 1962 coenam,
1668 1888 1821 1966 quod
1858 1887 1997 1946 nihil

246 1993 507 2069 cuiquam
538 2004 659 2049 toto
689 1991 777 2048 die
810 1992 1183 2070 praestitisset,
1219 1989 1634 2049 memorabilem
1662 1989 1848 2061 illam,
1883 2012 1998 2047 me-

246 2096 464 2172 ritoque
484 2094 766 2152 laudatam
791 2115 987 2152 vocem
1010 2093 1184 2152 edidit
1207 2116 1219 2151 :
1244 2118 1271 2147 «
1297 2094 1510 2167 Amici,
1535 2093 1682 2150 diem
1708 2078 1946 2172 perdidi.
1974 2114 2022 2145 n·

245 2195 526 2274 Populum
561 2198 619 2252 in
661 2196 856 2274 primis
901 2196 1224 2253 universum
1267 2207 1422 2253 tanta
1463 2216 1564 2275 per
1605 2215 1796 2252 omnes
1840 2214 2000 2251 occa-

250 2299 437 2355 siones.
463 2299 724 2356 comitate
756 2297 1043 2371 tractavit,
1075 2309 1138 2353 ut
1155 2339 1171 2370 ,
1200 2298 1492 2375 proposito
1518 2294 1851 2375 gladiatorio
1877 2315 2001 2351 mu-

249 2419 417 2471 nere,
470 2423 498 2452 «
543 2419 658 2466 non
693 2398 763 2455 ad
799 2419 996 2469 suum,
1041 2396 1134 2455 sed
1170 2397 1240 2454 ad
1282 2398 1653 2476 spectantium
1705 2396 2000 2453 arbitrium

252 2501 533 2558 editurum
581 2521 667 2574 se,
704 2525 732 2554 2>
774 2499 1055 2579 professus
1101 2500 1187 2556 sit.
1233 2502 1306 2556 Et
1355 2497 1520 2577 plane
1559 2498 1635 2555 ita
1672 2497 1820 2554 fecit.
1855 2497 2002 2553 Nam

252 2623 434 2680 neque
469 2602 695 2680 negavit
719 2602 1020 2680 quicquam
1051 2601 1395 2680 petentibus;
1427 2612 1482 2657 et
1507 2612 1596 2672 ut,
1627 2620 1749 2678 quae
1775 2597 2005 2671 vellent,

253 2716 538 2782 peterent,
580 2702 729 2760 ultro
767 2702 1098 2760 adhortatus
1130 2714 1230 2759 est.
1265 2703 1420 2777 Quin
1453 2714 1509 2759 et
1543 2700 1795 2758 studium
1827 2720 2007 2758 arma-

254 2818 391 2862 turae
419 2805 693 2862 Threcum
729 2825 843 2884 prae
871 2825 928 2862 se
957 2804 1170 2879 ferenS,
1199 2825 1343 2884 saepe
1373 2825 1501 2862 cum
1534 2801 1747 2883 populo
1784 2814 1839 2859 et
1871 2824 2006 2860 voce

254 2918 309 2964 et
331 2920 515 2985 gestu,
535 2919 598 2964 ut
625 2906 827 2980 fautor,
845 2905 1133 2964 cavillatus
1157 2917 1266 2977 est;
1289 2926 1482 2977 verum
1509 2906 1799 2984 majestate
1822 2903 1971 2962 salva
1992 2948 2007 2972 ‚

256 3029 356 3065 nec
383 3006 567 3066 niinus
617 3008 887 3085 aequitate.
924 3009 1011 3066 Ne
1056 3005 1193 3085 quid
1238 3005 1630 3086 popularitatis
1673 3006 2006 3084 praetermit-

255 3122 424 3183 teret,
474 3129 876 3187 nonnunquam
927 3109 984 3164 in
1039 3108 1269 3166 thermis
1332 3109 1478 3181 suiS,
1526 3106 1763 3164 admissa
1809 3105 2006 3185 plebe,

255 3210 408 3268 lavit.
438 3209 712 3286 Quaedam
745 3210 848 3267 sub
876 3230 943 3267 eo
976 3209 1206 3268 fortuita
1236 3230 1300 3267 ac
1330 3209 1508 3266 tristia
1543 3207 1868 3266 acciderunt
1899 3229 1912 3263 τ
1945 3220 2008 3264 ut

258 3311 623 3391 conflagratio
654 3312 852 3369 Vesevi
892 3312 1097 3368 montis
1135 3312 1190 3369 in
1227 3310 1563 3390 Campania;
1599 3322 1652 3366 et
1690 3308 2007 3366 incendium

2035 355 2050 393 ὃ
