<?xml version="1.0" encoding="UTF-8"?>
<!DOCTYPE html PUBLIC "-//W3C//DTD XHTML 1.0 Transitional//EN"
    "http://www.w3.org/TR/xhtml1/DTD/xhtml1-transitional.dtd">
<html xmlns="http://www.w3.org/1999/xhtml" xml:lang="en" lang="en">
 <head>
  <title>
</title>
<meta http-equiv="Content-Type" content="text/html;charset=utf-8" />
  <meta name='ocr-system' content='tesseract 3.04.00' />
  <meta name='ocr-capabilities' content='ocr_page ocr_carea ocr_par ocr_line ocrx_word'/>
</head>
<body>
  <div class='ocr_page' id='page_1' title='image "./operasuet00suetuoft_0053.png"; bbox 0 0 2372 3918; ppageno 0'>
   <div class='ocr_carea' id='block_1_1' title="bbox 822 250 1953 298">
    <p class='ocr_par' dir='ltr' id='par_1_1' title="bbox 822 250 1953 298">
     <span class='ocr_line' id='line_1_1' title="bbox 822 250 1953 298; baseline 0 0"><span class='ocrx_word' id='word_1_1' title='bbox 822 256 870 298; x_wconf 91' lang='lat' dir='ltr'><strong>C.</strong></span> <span class='ocrx_word' id='word_1_2' title='bbox 907 250 1122 298; x_wconf 90' lang='lat' dir='ltr'><strong>JULIUS</strong></span> <span class='ocrx_word' id='word_1_3' title='bbox 1156 251 1378 296; x_wconf 71' lang='lat' dir='ltr'><strong>CAESAR.</strong></span> <span class='ocrx_word' id='word_1_4' title='bbox 1894 254 1953 298; x_wconf 81' lang='lat'><strong>25</strong></span> 
     </span>
    </p>
   </div>
   <div class='ocr_carea' id='block_1_2' title="bbox 251 353 1956 1623">
    <p class='ocr_par' dir='ltr' id='par_1_2' title="bbox 253 353 1955 1226">
     <span class='ocr_line' id='line_1_2' title="bbox 259 353 1951 434; baseline 0.002 -25"><span class='ocrx_word' id='word_1_5' title='bbox 259 376 289 410; x_wconf 86' lang='lat' dir='ltr'><strong>a</strong></span> <span class='ocrx_word' id='word_1_6' title='bbox 319 355 454 411; x_wconf 89' lang='lat' dir='ltr'><strong>mari</strong></span> <span class='ocrx_word' id='word_1_7' title='bbox 484 375 681 433; x_wconf 87' lang='lat' dir='ltr'><strong>supero</strong></span> <span class='ocrx_word' id='word_1_8' title='bbox 703 355 1084 434; x_wconf 78' lang='lat' dir='ltr'><strong>pei-Apennini</strong></span> <span class='ocrx_word' id='word_1_9' title='bbox 1111 353 1332 411; x_wconf 90' lang='lat' dir='ltr'><strong>dorsum</strong></span> <span class='ocrx_word' id='word_1_10' title='bbox 1361 354 1431 411; x_wconf 88' lang='lat' dir='ltr'><strong>ad</strong></span> <span class='ocrx_word' id='word_1_11' title='bbox 1463 356 1697 412; x_wconf 85' lang='lat' dir='ltr'>Tiberim</span> <span class='ocrx_word' id='word_1_12' title='bbox 1742 378 1911 434; x_wconf 91' lang='lat' dir='ltr'><strong>usque</strong></span> <span class='ocrx_word' id='word_1_13' title='bbox 1938 379 1951 412; x_wconf 74' lang='grc' dir='ltr'><strong><em>ε</em></strong></span> 
     </span>
     <span class='ocr_line' id='line_1_3' title="bbox 259 453 1953 531; baseline 0.002 -22"><span class='ocrx_word' id='word_1_14' title='bbox 259 453 540 530; x_wconf 82' lang='lat' dir='ltr'><strong>perfodere</strong></span> <span class='ocrx_word' id='word_1_15' title='bbox 566 454 836 512; x_wconf 85' lang='lat' dir='ltr'><strong>Isthmum</strong></span> <span class='ocrx_word' id='word_1_16' title='bbox 861 474 874 508; x_wconf 76' lang='grc' dir='ltr'><strong><em>ε</em></strong></span> <span class='ocrx_word' id='word_1_17' title='bbox 898 455 1102 526; x_wconf 87' lang='lat' dir='ltr'>Dacos,</span> <span class='ocrx_word' id='word_1_18' title='bbox 1123 454 1226 531; x_wconf 84' lang='lat' dir='ltr'><strong>qui·</strong></span> <span class='ocrx_word' id='word_1_19' title='bbox 1242 474 1298 510; x_wconf 89' lang='lat' dir='ltr'><strong>se</strong></span> <span class='ocrx_word' id='word_1_20' title='bbox 1317 453 1637 511; x_wconf 76' lang='lat' dir='ltr'><strong>inPontum</strong></span> <span class='ocrx_word' id='word_1_21' title='bbox 1665 475 1762 531; x_wconf 90' lang='lat' dir='ltr'><strong>per</strong></span> <span class='ocrx_word' id='word_1_22' title='bbox 1788 457 1953 513; x_wconf 85' lang='lat' dir='ltr'><strong>Thra·</strong></span> 
     </span>
     <span class='ocr_line' id='line_1_4' title="bbox 257 551 1951 623; baseline 0.001 -14"><span class='ocrx_word' id='word_1_23' title='bbox 257 554 396 609; x_wconf 88' lang='lat' dir='ltr'><strong>ciam</strong></span> <span class='ocrx_word' id='word_1_24' title='bbox 422 551 727 610; x_wconf 81' lang='lat' dir='ltr'><strong>effuderant</strong></span> <span class='ocrx_word' id='word_1_25' title='bbox 742 593 758 623; x_wconf 93' lang='lat'><strong>,</strong></span> <span class='ocrx_word' id='word_1_26' title='bbox 789 573 1039 609; x_wconf 90' lang='lat' dir='ltr'><strong>coercere</strong></span> <span class='ocrx_word' id='word_1_27' title='bbox 1068 573 1082 608; x_wconf 90' lang='lat'>:</span> <span class='ocrx_word' id='word_1_28' title='bbox 1113 573 1243 610; x_wconf 83' lang='lat' dir='ltr'><strong>mox</strong></span> <span class='ocrx_word' id='word_1_29' title='bbox 1250 553 1482 615; x_wconf 68' lang='lat' dir='ltr'><strong>Parthis</strong></span> <span class='ocrx_word' id='word_1_30' title='bbox 1514 552 1715 610; x_wconf 89' lang='lat' dir='ltr'><strong>inferre</strong></span> <span class='ocrx_word' id='word_1_31' title='bbox 1750 553 1951 611; x_wconf 87' lang='lat' dir='ltr'><strong>bellum</strong></span> 
     </span>
     <span class='ocr_line' id='line_1_5' title="bbox 258 652 1955 730; baseline 0.001 -22"><span class='ocrx_word' id='word_1_32' title='bbox 258 674 357 730; x_wconf 91' lang='lat' dir='ltr'><strong>per</strong></span> <span class='ocrx_word' id='word_1_33' title='bbox 382 652 695 712; x_wconf 82' lang='lat' dir='ltr'><strong>Armeniam</strong></span> <span class='ocrx_word' id='word_1_34' title='bbox 736 652 1003 708; x_wconf 86' lang='lat' dir='ltr'><strong>minorem</strong></span> <span class='ocrx_word' id='word_1_35' title='bbox 1022 695 1038 721; x_wconf 91' lang='lat'><strong>,</strong></span> <span class='ocrx_word' id='word_1_36' title='bbox 1069 672 1200 724; x_wconf 90' lang='lat' dir='ltr'><strong>nec,</strong></span> <span class='ocrx_word' id='word_1_37' title='bbox 1234 652 1338 708; x_wconf 90' lang='lat' dir='ltr'><strong>nisi</strong></span> <span class='ocrx_word' id='word_1_38' title='bbox 1380 664 1509 708; x_wconf 89' lang='lat' dir='ltr'><strong>ante</strong></span> <span class='ocrx_word' id='word_1_39' title='bbox 1546 664 1798 729; x_wconf 83' lang='lat' dir='ltr'><strong>expertos</strong></span> <span class='ocrx_word' id='word_1_40' title='bbox 1816 696 1832 724; x_wconf 87' lang='lat'><strong>,</strong></span> <span class='ocrx_word' id='word_1_41' title='bbox 1867 674 1955 730; x_wconf 88' lang='lat' dir='ltr'><strong>ag·</strong></span> 
     </span>
     <span class='ocr_line' id='line_1_6' title="bbox 256 750 1952 829; baseline 0.001 -22"><span class='ocrx_word' id='word_1_42' title='bbox 256 751 406 829; x_wconf 85' lang='lat' dir='ltr'><strong>gredi</strong></span> <span class='ocrx_word' id='word_1_43' title='bbox 451 750 659 828; x_wconf 74' lang='lat' dir='ltr'><strong>proelio.</strong></span> <span class='ocrx_word' id='word_1_44' title='bbox 705 751 856 807; x_wconf 89' lang='lat' dir='ltr'><strong>Talia</strong></span> <span class='ocrx_word' id='word_1_45' title='bbox 901 764 1149 829; x_wconf 86' lang='lat' dir='ltr'><strong>agentem</strong></span> <span class='ocrx_word' id='word_1_46' title='bbox 1200 764 1363 828; x_wconf 89' lang='lat' dir='ltr'><strong>atque</strong></span> <span class='ocrx_word' id='word_1_47' title='bbox 1408 752 1760 810; x_wconf 81' lang='lat' dir='ltr'><strong>meditantem</strong></span> <span class='ocrx_word' id='word_1_48' title='bbox 1804 773 1952 809; x_wconf 91' lang='lat' dir='ltr'><strong>mors</strong></span> 
     </span>
     <span class='ocr_line' id='line_1_7' title="bbox 256 850 1954 928; baseline 0.001 -22"><span class='ocrx_word' id='word_1_49' title='bbox 256 852 512 927; x_wconf 83' lang='lat' dir='ltr'><strong>praevenit</strong></span> <span class='ocrx_word' id='word_1_50' title='bbox 543 872 556 906; x_wconf 79' lang='lat' dir='ltr'><em>z</em></span> <span class='ocrx_word' id='word_1_51' title='bbox 588 850 655 906; x_wconf 92' lang='lat' dir='ltr'><strong>de</strong></span> <span class='ocrx_word' id='word_1_52' title='bbox 695 871 805 928; x_wconf 88' lang='lat' dir='ltr'><strong>qua</strong></span> <span class='ocrx_word' id='word_1_53' title='bbox 842 853 1159 928; x_wconf 84' lang='lat' dir='ltr'><strong>priusquam</strong></span> <span class='ocrx_word' id='word_1_54' title='bbox 1194 850 1371 908; x_wconf 88' lang='lat' dir='ltr'><strong>dicam</strong></span> <span class='ocrx_word' id='word_1_55' title='bbox 1389 894 1405 923; x_wconf 88' lang='lat'><strong>,</strong></span> <span class='ocrx_word' id='word_1_56' title='bbox 1446 870 1544 923; x_wconf 82' lang='lat' dir='ltr'><strong>ea,</strong></span> <span class='ocrx_word' id='word_1_57' title='bbox 1575 872 1696 928; x_wconf 86' lang='lat' dir='ltr'><strong>quae</strong></span> <span class='ocrx_word' id='word_1_58' title='bbox 1736 851 1806 907; x_wconf 87' lang='lat' dir='ltr'><strong>ad</strong></span> <span class='ocrx_word' id='word_1_59' title='bbox 1850 850 1954 908; x_wconf 87' lang='lat' dir='ltr'><strong>for-</strong></span> 
     </span>
     <span class='ocr_line' id='line_1_8' title="bbox 256 949 1951 1022; baseline 0.001 -17"><span class='ocrx_word' id='word_1_60' title='bbox 256 969 435 1021; x_wconf 88' lang='lat' dir='ltr'><strong>mam,</strong></span> <span class='ocrx_word' id='word_1_61' title='bbox 474 962 527 1006; x_wconf 90' lang='lat' dir='ltr'><strong>et</strong></span> <span class='ocrx_word' id='word_1_62' title='bbox 577 950 858 1022; x_wconf 91' lang='lat' dir='ltr'><strong>habitum,</strong></span> <span class='ocrx_word' id='word_1_63' title='bbox 890 962 947 1006; x_wconf 88' lang='lat' dir='ltr'><strong>et</strong></span> <span class='ocrx_word' id='word_1_64' title='bbox 978 949 1189 1006; x_wconf 90' lang='lat' dir='ltr'><strong>cultum</strong></span> <span class='ocrx_word' id='word_1_65' title='bbox 1210 991 1225 1021; x_wconf 93' lang='lat'><strong>,</strong></span> <span class='ocrx_word' id='word_1_66' title='bbox 1272 962 1326 1006; x_wconf 89' lang='lat' dir='ltr'><strong>et</strong></span> <span class='ocrx_word' id='word_1_67' title='bbox 1365 970 1568 1022; x_wconf 80' lang='lat' dir='ltr'><strong>moreS‚</strong></span> <span class='ocrx_word' id='word_1_68' title='bbox 1604 969 1704 1007; x_wconf 86' lang='lat' dir='ltr'><strong>nec</strong></span> <span class='ocrx_word' id='word_1_69' title='bbox 1743 950 1951 1022; x_wconf 90' lang='lat' dir='ltr'><strong>minus,</strong></span> 
     </span>
     <span class='ocr_line' id='line_1_9' title="bbox 253 1048 1953 1127; baseline 0 -23"><span class='ocrx_word' id='word_1_70' title='bbox 253 1069 372 1127; x_wconf 84' lang='lat' dir='ltr'><strong>quae</strong></span> <span class='ocrx_word' id='word_1_71' title='bbox 421 1048 489 1105; x_wconf 91' lang='lat' dir='ltr'><strong>ad</strong></span> <span class='ocrx_word' id='word_1_72' title='bbox 539 1049 721 1106; x_wconf 89' lang='lat' dir='ltr'><strong>civilia</strong></span> <span class='ocrx_word' id='word_1_73' title='bbox 754 1063 808 1106; x_wconf 89' lang='lat' dir='ltr'><strong>et</strong></span> <span class='ocrx_word' id='word_1_74' title='bbox 852 1048 1045 1106; x_wconf 90' lang='lat' dir='ltr'><strong>bellica</strong></span> <span class='ocrx_word' id='word_1_75' title='bbox 1084 1051 1201 1127; x_wconf 90' lang='lat' dir='ltr'><strong>ejus</strong></span> <span class='ocrx_word' id='word_1_76' title='bbox 1249 1049 1429 1109; x_wconf 88' lang='lat' dir='ltr'><strong>studia</strong></span> <span class='ocrx_word' id='word_1_77' title='bbox 1466 1050 1806 1126; x_wconf 88' lang='lat' dir='ltr'><strong>pertineant,</strong></span> <span class='ocrx_word' id='word_1_78' title='bbox 1843 1070 1953 1104; x_wconf 90' lang='lat' dir='ltr'><strong>non</strong></span> 
     </span>
     <span class='ocr_line' id='line_1_10' title="bbox 253 1146 1286 1226; baseline 0.001 -23"><span class='ocrx_word' id='word_1_79' title='bbox 253 1146 490 1204; x_wconf 86' lang='lat' dir='ltr'><strong>alienum</strong></span> <span class='ocrx_word' id='word_1_80' title='bbox 524 1150 627 1204; x_wconf 88' lang='lat' dir='ltr'><strong>erit</strong></span> <span class='ocrx_word' id='word_1_81' title='bbox 657 1151 967 1205; x_wconf 88' lang='lat' dir='ltr'><strong>summatim</strong></span> <span class='ocrx_word' id='word_1_82' title='bbox 1002 1170 1286 1226; x_wconf 77' lang='lat' dir='ltr'><strong>exponere.</strong></span> 
     </span>
    </p>

    <p class='ocr_par' dir='ltr' id='par_1_3' title="bbox 251 1247 1956 1623">
     <span class='ocr_line' id='line_1_11' title="bbox 327 1247 1956 1319; baseline 0.001 -17"><span class='ocrx_word' id='word_1_83' title='bbox 327 1248 497 1303; x_wconf 89' lang='lat' dir='ltr'><strong>XLV.</strong></span> <span class='ocrx_word' id='word_1_84' title='bbox 541 1249 729 1304; x_wconf 89' lang='lat' dir='ltr'><strong>Fuisse</strong></span> <span class='ocrx_word' id='word_1_85' title='bbox 775 1247 1010 1305; x_wconf 87' lang='lat' dir='ltr'><strong>traditur</strong></span> <span class='ocrx_word' id='word_1_86' title='bbox 1061 1247 1266 1305; x_wconf 90' lang='lat' dir='ltr'><strong>excelsa</strong></span> <span class='ocrx_word' id='word_1_87' title='bbox 1318 1260 1523 1305; x_wconf 85' lang='lat' dir='ltr'><strong>statura</strong></span> <span class='ocrx_word' id='word_1_88' title='bbox 1541 1291 1556 1319; x_wconf 96' lang='lat'><strong>,</strong></span> <span class='ocrx_word' id='word_1_89' title='bbox 1601 1249 1783 1305; x_wconf 89' lang='lat' dir='ltr'><strong>colore</strong></span> <span class='ocrx_word' id='word_1_90' title='bbox 1829 1269 1956 1304; x_wconf 90' lang='lat' dir='ltr'><strong>can-</strong></span> 
     </span>
     <span class='ocr_line' id='line_1_12' title="bbox 252 1346 1954 1425; baseline 0.001 -24"><span class='ocrx_word' id='word_1_91' title='bbox 252 1346 413 1418; x_wconf 91' lang='lat' dir='ltr'><strong>dido,</strong></span> <span class='ocrx_word' id='word_1_92' title='bbox 457 1348 718 1403; x_wconf 88' lang='lat' dir='ltr'><strong>teretibus</strong></span> <span class='ocrx_word' id='word_1_93' title='bbox 769 1349 1060 1419; x_wconf 89' lang='lat' dir='ltr'><strong>membris,</strong></span> <span class='ocrx_word' id='word_1_94' title='bbox 1109 1368 1206 1404; x_wconf 89' lang='lat' dir='ltr'><strong>ore</strong></span> <span class='ocrx_word' id='word_1_95' title='bbox 1251 1347 1414 1425; x_wconf 88' lang='lat' dir='ltr'><strong>paulo</strong></span> <span class='ocrx_word' id='word_1_96' title='bbox 1462 1347 1735 1424; x_wconf 86' lang='lat' dir='ltr'><strong>pleniore,</strong></span> <span class='ocrx_word' id='word_1_97' title='bbox 1784 1348 1954 1424; x_wconf 86' lang='lat' dir='ltr'><strong>nigris</strong></span> 
     </span>
     <span class='ocr_line' id='line_1_13' title="bbox 251 1445 1952 1524; baseline 0.001 -23"><span class='ocrx_word' id='word_1_98' title='bbox 251 1448 559 1524; x_wconf 86' lang='lat' dir='ltr'><strong>vegetisque</strong></span> <span class='ocrx_word' id='word_1_99' title='bbox 590 1446 789 1518; x_wconf 89' lang='lat' dir='ltr'><strong>oculis,</strong></span> <span class='ocrx_word' id='word_1_100' title='bbox 822 1445 1133 1503; x_wconf 84' lang='lat' dir='ltr'><strong>valetudine</strong></span> <span class='ocrx_word' id='word_1_101' title='bbox 1170 1467 1464 1524; x_wconf 87' lang='lat' dir='ltr'><strong>prospera;</strong></span> <span class='ocrx_word' id='word_1_102' title='bbox 1494 1447 1598 1502; x_wconf 89' lang='lat' dir='ltr'><strong>nisi</strong></span> <span class='ocrx_word' id='word_1_103' title='bbox 1634 1446 1781 1522; x_wconf 91' lang='lat' dir='ltr'><strong>quod</strong></span> <span class='ocrx_word' id='word_1_104' title='bbox 1815 1458 1952 1502; x_wconf 90' lang='lat' dir='ltr'><strong>tem-</strong></span> 
     </span>
     <span class='ocr_line' id='line_1_14' title="bbox 252 1545 1956 1623; baseline -0.002 -21"><span class='ocrx_word' id='word_1_105' title='bbox 252 1567 386 1623; x_wconf 87' lang='lat' dir='ltr'><strong>pore</strong></span> <span class='ocrx_word' id='word_1_106' title='bbox 426 1558 667 1603; x_wconf 90' lang='lat' dir='ltr'><strong>extremo</strong></span> <span class='ocrx_word' id='word_1_107' title='bbox 706 1559 929 1623; x_wconf 91' lang='lat' dir='ltr'><strong>repente</strong></span> <span class='ocrx_word' id='word_1_108' title='bbox 970 1548 1153 1601; x_wconf 88' lang='lat' dir='ltr'><strong>animo</strong></span> <span class='ocrx_word' id='word_1_109' title='bbox 1195 1546 1399 1621; x_wconf 91' lang='lat' dir='ltr'><strong>linqui,</strong></span> <span class='ocrx_word' id='word_1_110' title='bbox 1446 1558 1608 1621; x_wconf 88' lang='lat' dir='ltr'><strong>atque</strong></span> <span class='ocrx_word' id='word_1_111' title='bbox 1649 1545 1813 1602; x_wconf 87' lang='lat' dir='ltr'><strong>etiam</strong></span> <span class='ocrx_word' id='word_1_112' title='bbox 1858 1565 1956 1621; x_wconf 88' lang='lat' dir='ltr'><strong>per</strong></span> 
     </span>
    </p>
   </div>
   <div class='ocr_carea' id='block_1_3' title="bbox 253 1643 2050 1720">
    <p class='ocr_par' dir='ltr' id='par_1_4' title="bbox 253 1643 2050 1720">
     <span class='ocr_line' id='line_1_15' title="bbox 253 1643 2050 1720; baseline -0.001 -20"><span class='ocrx_word' id='word_1_113' title='bbox 253 1665 503 1700; x_wconf 90' lang='lat' dir='ltr'><strong>somnum</strong></span> <span class='ocrx_word' id='word_1_114' title='bbox 538 1647 797 1701; x_wconf 88' lang='lat' dir='ltr'><strong>exterreri</strong></span> <span class='ocrx_word' id='word_1_115' title='bbox 829 1643 1052 1701; x_wconf 87' lang='lat' dir='ltr'><strong>solebat.</strong></span> <span class='ocrx_word' id='word_1_116' title='bbox 1086 1643 1364 1701; x_wconf 87' lang='lat' dir='ltr'><strong>Comitiali</strong></span> <span class='ocrx_word' id='word_1_117' title='bbox 1395 1664 1614 1720; x_wconf 90' lang='lat' dir='ltr'><strong>quoque</strong></span> <span class='ocrx_word' id='word_1_118' title='bbox 1648 1644 1839 1699; x_wconf 89' lang='lat' dir='ltr'><strong>morbo</strong></span> <span class='ocrx_word' id='word_1_119' title='bbox 1873 1644 1956 1699; x_wconf 87' lang='lat' dir='ltr'><strong>his</strong></span> <span class='ocrx_word' id='word_1_120' title='bbox 2046 1643 2050 1648; x_wconf 66' lang='grc'>’</span> 
     </span>
    </p>
   </div>
   <div class='ocr_carea' id='block_1_4' title="bbox 252 1744 1963 3321">
    <p class='ocr_par' dir='ltr' id='par_1_5' title="bbox 252 1744 1963 3102">
     <span class='ocr_line' id='line_1_16' title="bbox 252 1744 1956 1822; baseline -0.001 -23"><span class='ocrx_word' id='word_1_121' title='bbox 252 1745 396 1800; x_wconf 86' lang='lat' dir='ltr'><strong>inter</strong></span> <span class='ocrx_word' id='word_1_122' title='bbox 429 1765 512 1800; x_wconf 90' lang='lat' dir='ltr'><strong>res</strong></span> <span class='ocrx_word' id='word_1_123' title='bbox 551 1744 784 1822; x_wconf 87' lang='lat' dir='ltr'><strong>agendas</strong></span> <span class='ocrx_word' id='word_1_124' title='bbox 823 1757 1107 1821; x_wconf 88' lang='lat' dir='ltr'><strong>correptus</strong></span> <span class='ocrx_word' id='word_1_125' title='bbox 1146 1756 1239 1800; x_wconf 88' lang='lat' dir='ltr'><strong>est.</strong></span> <span class='ocrx_word' id='word_1_126' title='bbox 1280 1745 1439 1800; x_wconf 88' lang='lat' dir='ltr'><strong>Circa</strong></span> <span class='ocrx_word' id='word_1_127' title='bbox 1481 1744 1726 1819; x_wconf 86' lang='lat' dir='ltr'><strong>corporis</strong></span> <span class='ocrx_word' id='word_1_128' title='bbox 1768 1763 1956 1798; x_wconf 87' lang='lat' dir='ltr'><strong>curam</strong></span> 
     </span>
     <span class='ocr_line' id='line_1_17' title="bbox 253 1836 1956 1920; baseline -0.002 -21"><span class='ocrx_word' id='word_1_129' title='bbox 253 1846 546 1916; x_wconf 91' lang='lat' dir='ltr'><strong>morosior,</strong></span> <span class='ocrx_word' id='word_1_130' title='bbox 584 1858 644 1900; x_wconf 91' lang='lat' dir='ltr'><strong>ut</strong></span> <span class='ocrx_word' id='word_1_131' title='bbox 678 1866 788 1900; x_wconf 91' lang='lat' dir='ltr'><strong>non</strong></span> <span class='ocrx_word' id='word_1_132' title='bbox 823 1844 1000 1901; x_wconf 89' lang='lat' dir='ltr'><strong>solum</strong></span> <span class='ocrx_word' id='word_1_133' title='bbox 1033 1836 1352 1900; x_wconf 86' lang='lat' dir='ltr'><strong>tonderetur</strong></span> <span class='ocrx_word' id='word_1_134' title='bbox 1383 1841 1674 1920; x_wconf 88' lang='lat' dir='ltr'><strong>diligenter</strong></span> <span class='ocrx_word' id='word_1_135' title='bbox 1704 1862 1768 1897; x_wconf 89' lang='lat' dir='ltr'><strong>ac</strong></span> <span class='ocrx_word' id='word_1_136' title='bbox 1801 1841 1956 1897; x_wconf 89' lang='lat' dir='ltr'><strong>rade·</strong></span> 
     </span>
     <span class='ocr_line' id='line_1_18' title="bbox 252 1943 1958 2021; baseline -0.001 -21"><span class='ocrx_word' id='word_1_137' title='bbox 252 1955 430 2013; x_wconf 88' lang='lat' dir='ltr'><strong>retur,</strong></span> <span class='ocrx_word' id='word_1_138' title='bbox 460 1945 554 2001; x_wconf 93' lang='lat' dir='ltr'><strong>sed</strong></span> <span class='ocrx_word' id='word_1_139' title='bbox 582 1944 875 2002; x_wconf 90' lang='lat' dir='ltr'><strong>velleretur</strong></span> <span class='ocrx_word' id='word_1_140' title='bbox 902 1947 1096 2018; x_wconf 88' lang='lat' dir='ltr'><strong>etiam,</strong></span> <span class='ocrx_word' id='word_1_141' title='bbox 1124 1957 1186 2001; x_wconf 88' lang='lat' dir='ltr'><strong>ut</strong></span> <span class='ocrx_word' id='word_1_142' title='bbox 1211 1944 1434 2021; x_wconf 88' lang='lat' dir='ltr'><strong>quidam</strong></span> <span class='ocrx_word' id='word_1_143' title='bbox 1460 1943 1958 2020; x_wconf 83' lang='lat' dir='ltr'><strong>exprobraverunt;</strong></span> 
     </span>
     <span class='ocr_line' id='line_1_19' title="bbox 254 2043 1956 2122; baseline -0.001 -23"><span class='ocrx_word' id='word_1_144' title='bbox 254 2043 455 2100; x_wconf 89' lang='lat' dir='ltr'><strong>calvitii</strong></span> <span class='ocrx_word' id='word_1_145' title='bbox 492 2066 620 2102; x_wconf 87' lang='lat' dir='ltr'><strong>vero</strong></span> <span class='ocrx_word' id='word_1_146' title='bbox 655 2045 1056 2102; x_wconf 87' lang='lat' dir='ltr'><strong>deformitatem</strong></span> <span class='ocrx_word' id='word_1_147' title='bbox 1091 2045 1428 2122; x_wconf 88' lang='lat' dir='ltr'><strong>iniquissime</strong></span> <span class='ocrx_word' id='word_1_148' title='bbox 1462 2043 1656 2115; x_wconf 89' lang='lat' dir='ltr'><strong>ferret,</strong></span> <span class='ocrx_word' id='word_1_149' title='bbox 1689 2063 1826 2121; x_wconf 87' lang='lat' dir='ltr'><strong>saepe</strong></span> <span class='ocrx_word' id='word_1_150' title='bbox 1857 2043 1956 2100; x_wconf 92' lang='lat' dir='ltr'><strong>ob-</strong></span> 
     </span>
     <span class='ocr_line' id='line_1_20' title="bbox 256 2143 1959 2223; baseline -0.001 -23"><span class='ocrx_word' id='word_1_151' title='bbox 256 2156 609 2201; x_wconf 89' lang='lat' dir='ltr'><strong>trectatorum</strong></span> <span class='ocrx_word' id='word_1_152' title='bbox 646 2147 781 2222; x_wconf 91' lang='lat' dir='ltr'><strong>jocis</strong></span> <span class='ocrx_word' id='word_1_153' title='bbox 819 2146 1109 2202; x_wconf 88' lang='lat' dir='ltr'><strong>obnoxiam</strong></span> <span class='ocrx_word' id='word_1_154' title='bbox 1145 2158 1418 2223; x_wconf 88' lang='lat' dir='ltr'><strong>expertus.</strong></span> <span class='ocrx_word' id='word_1_155' title='bbox 1458 2143 1699 2220; x_wconf 88' lang='lat' dir='ltr'><strong>Ideoque</strong></span> <span class='ocrx_word' id='word_1_156' title='bbox 1731 2155 1786 2199; x_wconf 89' lang='lat' dir='ltr'><strong>et</strong></span> <span class='ocrx_word' id='word_1_157' title='bbox 1828 2143 1959 2199; x_wconf 86' lang='lat' dir='ltr'><strong>defi-</strong></span> 
     </span>
     <span class='ocr_line' id='line_1_21' title="bbox 254 2245 1961 2322; baseline 0 -22"><span class='ocrx_word' id='word_1_158' title='bbox 254 2246 487 2301; x_wconf 79' lang='lat' dir='ltr'><strong>cientem</strong></span> <span class='ocrx_word' id='word_1_159' title='bbox 519 2245 775 2322; x_wconf 88' lang='lat' dir='ltr'><strong>capillum</strong></span> <span class='ocrx_word' id='word_1_160' title='bbox 808 2266 1066 2302; x_wconf 86' lang='lat' dir='ltr'><strong>revocare</strong></span> <span class='ocrx_word' id='word_1_161' title='bbox 1108 2267 1139 2302; x_wconf 92' lang='lat' dir='ltr'><strong>a</strong></span> <span class='ocrx_word' id='word_1_162' title='bbox 1179 2247 1381 2302; x_wconf 88' lang='lat' dir='ltr'><strong>vertice</strong></span> <span class='ocrx_word' id='word_1_163' title='bbox 1422 2257 1763 2317; x_wconf 86' lang='lat' dir='ltr'><strong>assueverat,</strong></span> <span class='ocrx_word' id='word_1_164' title='bbox 1802 2257 1857 2300; x_wconf 90' lang='lat' dir='ltr'><strong>et</strong></span> <span class='ocrx_word' id='word_1_165' title='bbox 1896 2265 1961 2300; x_wconf 88' lang='lat' dir='ltr'><strong>ex</strong></span> 
     </span>
     <span class='ocr_line' id='line_1_22' title="bbox 254 2344 1958 2422; baseline 0 -23"><span class='ocrx_word' id='word_1_166' title='bbox 254 2344 503 2400; x_wconf 89' lang='lat' dir='ltr'><strong>omnibus</strong></span> <span class='ocrx_word' id='word_1_167' title='bbox 545 2345 774 2401; x_wconf 90' lang='lat' dir='ltr'><strong>decretis</strong></span> <span class='ocrx_word' id='word_1_168' title='bbox 815 2346 917 2401; x_wconf 92' lang='lat' dir='ltr'><strong>sibi</strong></span> <span class='ocrx_word' id='word_1_169' title='bbox 960 2366 991 2401; x_wconf 91' lang='lat' dir='ltr'><strong>a</strong></span> <span class='ocrx_word' id='word_1_170' title='bbox 1035 2357 1226 2402; x_wconf 88' lang='lat' dir='ltr'><strong>senatu</strong></span> <span class='ocrx_word' id='word_1_171' title='bbox 1269 2344 1584 2422; x_wconf 89' lang='lat' dir='ltr'><strong>populoque</strong></span> <span class='ocrx_word' id='word_1_172' title='bbox 1623 2344 1958 2412; x_wconf 81' lang='lat' dir='ltr'><strong>honoribuS‚</strong></span> 
     </span>
     <span class='ocr_line' id='line_1_23' title="bbox 254 2442 1960 2523; baseline -0.001 -23"><span class='ocrx_word' id='word_1_173' title='bbox 254 2465 366 2501; x_wconf 88' lang='lat' dir='ltr'><strong>non</strong></span> <span class='ocrx_word' id='word_1_174' title='bbox 397 2442 546 2501; x_wconf 91' lang='lat' dir='ltr'><strong>aliud</strong></span> <span class='ocrx_word' id='word_1_175' title='bbox 577 2457 673 2501; x_wconf 88' lang='lat' dir='ltr'><strong>aut</strong></span> <span class='ocrx_word' id='word_1_176' title='bbox 700 2446 904 2523; x_wconf 90' lang='lat' dir='ltr'><strong>recepit</strong></span> <span class='ocrx_word' id='word_1_177' title='bbox 926 2458 1022 2501; x_wconf 90' lang='lat' dir='ltr'><strong>aut</strong></span> <span class='ocrx_word' id='word_1_178' title='bbox 1051 2446 1335 2522; x_wconf 75' lang='lat' dir='ltr'><strong>usurpavit</strong></span> <span class='ocrx_word' id='word_1_179' title='bbox 1363 2444 1644 2514; x_wconf 77' lang='lat' dir='ltr'><strong>libentiuS‚</strong></span> <span class='ocrx_word' id='word_1_180' title='bbox 1674 2464 1837 2520; x_wconf 88' lang='lat' dir='ltr'><strong>quam</strong></span> <span class='ocrx_word' id='word_1_181' title='bbox 1871 2447 1960 2519; x_wconf 91' lang='lat' dir='ltr'><strong>jus</strong></span> 
     </span>
     <span class='ocr_line' id='line_1_24' title="bbox 254 2542 1961 2624; baseline -0.001 -24"><span class='ocrx_word' id='word_1_182' title='bbox 254 2542 449 2601; x_wconf 84' lang='lat' dir='ltr'><strong>laureae</strong></span> <span class='ocrx_word' id='word_1_183' title='bbox 465 2565 679 2602; x_wconf 77' lang='lat' dir='ltr'><strong>coronae</strong></span> <span class='ocrx_word' id='word_1_184' title='bbox 694 2558 959 2624; x_wconf 90' lang='lat' dir='ltr'><strong>perpetuo</strong></span> <span class='ocrx_word' id='word_1_185' title='bbox 979 2544 1266 2624; x_wconf 86' lang='lat' dir='ltr'><strong>gestandae.</strong></span> <span class='ocrx_word' id='word_1_186' title='bbox 1288 2546 1468 2602; x_wconf 88' lang='lat' dir='ltr'><strong>Etiam</strong></span> <span class='ocrx_word' id='word_1_187' title='bbox 1496 2542 1648 2601; x_wconf 91' lang='lat' dir='ltr'><strong>cultu</strong></span> <span class='ocrx_word' id='word_1_188' title='bbox 1666 2542 1961 2600; x_wconf 88' lang='lat' dir='ltr'><strong>notabilem</strong></span> 
     </span>
     <span class='ocr_line' id='line_1_25' title="bbox 256 2643 1963 2719; baseline -0.001 -20"><span class='ocrx_word' id='word_1_189' title='bbox 256 2644 451 2707; x_wconf 82' lang='lat' dir='ltr'><strong>ferunt.</strong></span> <span class='ocrx_word' id='word_1_190' title='bbox 486 2648 663 2702; x_wconf 92' lang='lat' dir='ltr'><strong>Usum</strong></span> <span class='ocrx_word' id='word_1_191' title='bbox 694 2647 840 2703; x_wconf 92' lang='lat' dir='ltr'><strong>enim</strong></span> <span class='ocrx_word' id='word_1_192' title='bbox 871 2645 981 2702; x_wconf 90' lang='lat' dir='ltr'><strong>lato</strong></span> <span class='ocrx_word' id='word_1_193' title='bbox 1013 2645 1264 2719; x_wconf 5' lang='lat' dir='ltr'><strong>clavoqad</strong></span> <span class='ocrx_word' id='word_1_194' title='bbox 1298 2666 1492 2702; x_wconf 89' lang='lat' dir='ltr'><strong>manus</strong></span> <span class='ocrx_word' id='word_1_195' title='bbox 1525 2643 1831 2715; x_wconf 74' lang='lat' dir='ltr'><strong>fimbriam,</strong></span> <span class='ocrx_word' id='word_1_196' title='bbox 1863 2663 1963 2698; x_wconf 91' lang='lat' dir='ltr'><strong>nec</strong></span> 
     </span>
     <span class='ocr_line' id='line_1_26' title="bbox 256 2741 1963 2822; baseline -0.002 -23"><span class='ocrx_word' id='word_1_197' title='bbox 256 2756 318 2799; x_wconf 90' lang='lat' dir='ltr'><strong>ut</strong></span> <span class='ocrx_word' id='word_1_198' title='bbox 353 2765 597 2821; x_wconf 90' lang='lat' dir='ltr'><strong>unquam</strong></span> <span class='ocrx_word' id='word_1_199' title='bbox 632 2744 790 2801; x_wconf 90' lang='lat' dir='ltr'><strong>aliter</strong></span> <span class='ocrx_word' id='word_1_200' title='bbox 829 2766 994 2821; x_wconf 91' lang='lat' dir='ltr'><strong>quam</strong></span> <span class='ocrx_word' id='word_1_201' title='bbox 1026 2766 1190 2822; x_wconf 89' lang='lat' dir='ltr'><strong>super</strong></span> <span class='ocrx_word' id='word_1_202' title='bbox 1225 2766 1349 2801; x_wconf 90' lang='lat' dir='ltr'><strong>eum</strong></span> <span class='ocrx_word' id='word_1_203' title='bbox 1386 2746 1723 2822; x_wconf 84' lang='lat' dir='ltr'><strong>cingeretur,</strong></span> <span class='ocrx_word' id='word_1_204' title='bbox 1758 2754 1813 2799; x_wconf 89' lang='lat' dir='ltr'><strong>et</strong></span> <span class='ocrx_word' id='word_1_205' title='bbox 1847 2741 1963 2819; x_wconf 87' lang='lat' dir='ltr'><strong>qui-</strong></span> 
     </span>
     <span class='ocr_line' id='line_1_27' title="bbox 257 2840 1959 2910; baseline -0.002 -11"><span class='ocrx_word' id='word_1_206' title='bbox 257 2844 379 2900; x_wconf 91' lang='lat' dir='ltr'><strong>dem</strong></span> <span class='ocrx_word' id='word_1_207' title='bbox 422 2842 649 2899; x_wconf 88' lang='lat' dir='ltr'><strong>fluxiore</strong></span> <span class='ocrx_word' id='word_1_208' title='bbox 691 2844 955 2899; x_wconf 88' lang='lat' dir='ltr'><strong>cinctura.</strong></span> <span class='ocrx_word' id='word_1_209' title='bbox 995 2843 1159 2898; x_wconf 90' lang='lat' dir='ltr'><strong>Unde</strong></span> <span class='ocrx_word' id='word_1_210' title='bbox 1201 2863 1479 2899; x_wconf 90' lang='lat' dir='ltr'><strong>emanasse</strong></span> <span class='ocrx_word' id='word_1_211' title='bbox 1517 2840 1679 2898; x_wconf 81' lang='lat' dir='ltr'><strong>Sullae</strong></span> <span class='ocrx_word' id='word_1_212' title='bbox 1718 2840 1959 2910; x_wconf 91' lang='lat' dir='ltr'><strong>dictum,</strong></span> 
     </span>
     <span class='ocr_line' id='line_1_28' title="bbox 257 2939 1962 3021; baseline -0.003 -22"><span class='ocrx_word' id='word_1_213' title='bbox 257 2946 546 3021; x_wconf 89' lang='lat' dir='ltr'><strong>optimates</strong></span> <span class='ocrx_word' id='word_1_214' title='bbox 569 2944 763 3020; x_wconf 85' lang='lat' dir='ltr'><strong>saepius</strong></span> <span class='ocrx_word' id='word_1_215' title='bbox 783 2941 1155 3013; x_wconf 77' lang='lat' dir='ltr'><strong>admonentiS,</strong></span> <span class='ocrx_word' id='word_1_216' title='bbox 1177 2953 1276 2996; x_wconf 75' lang='lat' dir='ltr'><strong>«ut</strong></span> <span class='ocrx_word' id='word_1_217' title='bbox 1294 2939 1434 2996; x_wconf 89' lang='lat' dir='ltr'><strong>male</strong></span> <span class='ocrx_word' id='word_1_218' title='bbox 1457 2941 1810 3017; x_wconf 67' lang='lat' dir='ltr'><strong>praecinctum</strong></span> <span class='ocrx_word' id='word_1_219' title='bbox 1834 2959 1962 3016; x_wconf 88' lang='lat' dir='ltr'><strong>puc-</strong></span> 
     </span>
     <span class='ocr_line' id='line_1_29' title="bbox 256 3055 1174 3102; baseline -0.013 -3"><span class='ocrx_word' id='word_1_220' title='bbox 256 3063 379 3099; x_wconf 89' lang='lat' dir='ltr'><strong>rum</strong></span> <span class='ocrx_word' id='word_1_221' title='bbox 410 3055 677 3099; x_wconf 85' lang='lat' dir='ltr'><strong>caverent.</strong></span> <span class='ocrx_word' id='word_1_222' title='bbox 697 3067 723 3094; x_wconf 86' lang='lat'>»</span> <span class='ocrx_word' id='word_1_223' title='bbox 1169 3096 1174 3102; x_wconf 95' lang='lat'><strong>.</strong></span> 
     </span>
    </p>

    <p class='ocr_par' dir='ltr' id='par_1_6' title="bbox 259 3138 1962 3321">
     <span class='ocr_line' id='line_1_30' title="bbox 334 3138 1958 3220; baseline -0.006 -20"><span class='ocrx_word' id='word_1_224' title='bbox 334 3146 530 3202; x_wconf 87' lang='lat' dir='ltr'><strong>XLVI.</strong></span> <span class='ocrx_word' id='word_1_225' title='bbox 575 3142 855 3198; x_wconf 84' lang='lat' dir='ltr'><strong>Habitavit</strong></span> <span class='ocrx_word' id='word_1_226' title='bbox 888 3145 1067 3220; x_wconf 89' lang='lat' dir='ltr'><strong>primo</strong></span> <span class='ocrx_word' id='word_1_227' title='bbox 1104 3145 1159 3198; x_wconf 89' lang='lat' dir='ltr'><strong>in</strong></span> <span class='ocrx_word' id='word_1_228' title='bbox 1195 3142 1410 3198; x_wconf 88' lang='lat' dir='ltr'><strong>Subura</strong></span> <span class='ocrx_word' id='word_1_229' title='bbox 1446 3139 1672 3196; x_wconf 89' lang='lat' dir='ltr'><strong>modicis</strong></span> <span class='ocrx_word' id='word_1_230' title='bbox 1709 3138 1912 3195; x_wconf 83' lang='lat' dir='ltr'><strong>aedibus</strong></span> <span class='ocrx_word' id='word_1_231' title='bbox 1947 3158 1958 3191; x_wconf 89' lang='lat'><strong>:</strong></span> 
     </span>
     <span class='ocr_line' id='line_1_31' title="bbox 259 3235 1962 3321; baseline -0.005 -21"><span class='ocrx_word' id='word_1_232' title='bbox 259 3256 380 3321; x_wconf 90' lang='lat' dir='ltr'><strong>post</strong></span> <span class='ocrx_word' id='word_1_233' title='bbox 419 3255 600 3299; x_wconf 88' lang='lat' dir='ltr'><strong>autem</strong></span> <span class='ocrx_word' id='word_1_234' title='bbox 636 3241 1015 3320; x_wconf 88' lang='lat' dir='ltr'><strong>pontificatum</strong></span> <span class='ocrx_word' id='word_1_235' title='bbox 1051 3244 1346 3298; x_wconf 88' lang='lat' dir='ltr'><strong>maximum</strong></span> <span class='ocrx_word' id='word_1_236' title='bbox 1389 3243 1444 3295; x_wconf 90' lang='lat' dir='ltr'><strong>in</strong></span> <span class='ocrx_word' id='word_1_237' title='bbox 1481 3259 1629 3295; x_wconf 83' lang='lat' dir='ltr'><strong>sacra</strong></span> <span class='ocrx_word' id='word_1_238' title='bbox 1672 3240 1757 3294; x_wconf 90' lang='lat' dir='ltr'><strong>via</strong></span> <span class='ocrx_word' id='word_1_239' title='bbox 1799 3235 1962 3292; x_wconf 91' lang='lat' dir='ltr'><strong>domo</strong></span> 
     </span>
    </p>
   </div>
  </div>
 </body>
</html>
