2372 3918
473 278 523 323 C.
562 278 865 325 SUETONII
900 268 986 323 DE
1024 276 1250 322 CLARIS
1287 275 1707 324 RHE'I'ORIBUS.
1894 292 1950 339 97

225 384 335 439 ruit
368 405 379 439 :
421 382 690 461 multique
725 403 847 440 eam
879 379 1117 460 praesidii
1153 399 1318 436 causa
1360 392 1416 435 et
1451 378 1638 457 gloriae
1672 383 1957 459 appetive-

227 497 376 541 runt.
410 485 610 541 Cicero
637 483 705 540 ad
737 495 1033 562 praeturam
1067 499 1239 558 usque
1269 499 1444 558 graece
1474 478 1806 538 declamavit
1834 503 1847 538 :
1881 480 1961 539 la·

226 585 340 641 tine
375 606 505 641 vero
551 585 734 642 senior
766 603 1022 661 quoque,
1072 592 1126 638 et
1164 579 1390 659 quidem
1427 578 1746 638 consulibus
1778 583 1960 639 Hirtio

226 698 281 742 et
310 689 519 759 Pansa3
555 705 694 763 quos
730 681 1061 763 discipulos,
1090 693 1146 738 et
1179 679 1416 760 grandes
1443 693 1823 758 praetextatos,
1860 703 1960 739 vo-

223 786 401 843 cabat.
438 788 651 844 Cneum
686 783 1008 861 Pompeium
1038 781 1265 859 quidam
1298 780 1547 838 historici
1578 779 1957 855 tradiderunt,

223 886 326 943 sub
376 888 557 964 ipsum
601 883 761 941 civile
804 881 1042 952 bellum,
1088 902 1200 959 quo
1246 879 1461 939 facilius
1507 882 1644 939 Caio
1690 882 1961 955 Curioni,

176 1022 180 1025 ‚
220 988 591 1066 promtissimo
629 986 854 1064 juveni,
897 1004 1121 1041 causam
1158 984 1389 1042 Caesaris
1434 982 1788 1057 defendenti,
1827 1005 1963 1042 con-

223 1087 517 1145 tradiceret
535 1129 551 1159 ,
586 1087 848 1163 repetisse
885 1083 1233 1143 declamandi
1273 1084 1760 1158 consuetudinem;
1806 1087 1961 1142 Mar-

220 1209 347 1245 cum
377 1188 716 1258 Antonium,
735 1187 881 1243 *item
919 1188 1267 1265 Augustum,
1298 1205 1370 1241 ne
1397 1186 1697 1242 mutinensi
1734 1186 1961 1263 quidem

221 1286 366 1344 bello
400 1289 668 1344 omisisse.
703 1288 858 1345 Nero
898 1288 1083 1344 Caesar
1113 1298 1170 1343 et
1195 1287 1375 1363 primo
1403 1285 1620 1363 imperii
1653 1307 1825 1358 anno,
1855 1307 1961 1365 pu-

225 1388 368 1447 blice
413 1410 635 1467 quoque
679 1389 765 1446 bis
811 1401 1010 1461 antea,
1056 1387 1385 1447 declamavit
1429 1409 1442 1444 ε
1477 1387 1727 1466 plerique
1775 1402 1961 1447 autem

222 1503 508 1553 oratorum
539 1491 709 1547 etiam
740 1488 1164 1547 declamationes
1191 1488 1503 1546 ediderunt.
1533 1490 1727 1562 Quare
1759 1511 1963 1569 magno

223 1591 406 1648 studio
441 1591 761 1648 hominibus
793 1590 1022 1668 injecto,
1054 1610 1256 1668 magna
1289 1591 1452 1646 etiam
1493 1590 1868 1667 professorum
1897 1613 1963 1649 ac

134 1703 137 1706 ’
224 1692 514 1749 doctorum
542 1691 806 1769 profluxit
838 1691 999 1768 copia
1018 1733 1033 1763 ,
1070 1689 1319 1767 adeoque
1350 1690 1571 1763 floruit,
1609 1704 1675 1748 ut
1702 1692 1964 1749 nonnulli

224 1814 292 1850 ex
315 1792 504 1849 infima
526 1792 752 1849 fortuna
778 1793 836 1847 in
858 1790 1114 1848 ordinem
1140 1792 1504 1863 senatorium,
1530 1803 1696 1869 atque
1720 1792 1791 1848 ad
1814 1814 1964 1850 sum-

224 1915 343 1950 mos
383 1894 622 1950 honores
663 1893 1049 1971 processerint.
1100 1890 1207 1948 Sed
1244 1892 1387 1948 ratio
1426 1890 1660 1948 docendi
1704 1893 1806 1950 nec
1847 1914 1961 1952 una

223 1994 511 2066 omnibuS,
544 2014 648 2051 nec
675 1991 908 2073 singulis
938 1991 1130 2050 eadem
1156 2013 1375 2071 semper
1399 1991 1529 2066 fuit,
1558 1993 1784 2070 quando
1809 1998 1964 2053 vario

225 2096 390 2154 modo
415 2095 648 2173 quisque
673 2092 974 2173 discipulos
999 2106 1384 2151 exercuerunt.
1410 2096 1558 2152 Nam
1582 2107 1638 2151 et
1659 2093 1808 2152 dicta
1831 2118 1966 2175 prae·

223 2198 399 2271 clare,
432 2219 534 2275 per
566 2218 756 2255 omnes
786 2196 1021 2275 figuras,
1049 2215 1150 2274 per
1182 2217 1370 2268 casus,
1403 2209 1459 2253 et
1483 2196 1775 2276 apologOS,
1803 2197 1965 2257 aliter

223 2311 390 2377 atque
413 2297 589 2355 aliter
631 2317 942 2375 exponere,
984 2309 1041 2354 et
1083 2298 1427 2354 narrationes
1466 2309 1583 2354 tum
1618 2299 1862 2356 breviter
1908 2313 1968 2357 et

223 2420 438 2477 presse,
472 2410 592 2456 tum
624 2397 787 2454 latius
821 2410 877 2454 et
907 2397 1130 2454 uberius
1161 2396 1439 2476 explicare
1475 2379 1809 2456 consuerant
1842 2401 1965 2456 :in-

226 2498 445 2556 terdum
478 2501 803 2557 Graecorum
835 2498 1037 2576 scripta
1069 2509 1421 2570 convertere,
1451 2519 1515 2555 ac
1541 2499 1690 2556 viros
1721 2498 1964 2558 illustres

222 2599 480 2673 laudare,
510 2598 594 2656 vel
632 2601 946 2678 vituperare
979 2621 992 2655 ε
1019 2598 1269 2676 quaedam
1304 2599 1472 2655 etiam
1504 2598 1573 2655 ad
1612 2621 1773 2657 usum
1809 2622 1963 2658 com-

226 2702 412 2757 munis
435 2701 559 2757 vitae
590 2701 868 2770 instituta,
898 2713 1016 2757 turn
1046 2698 1205 2756 utilia
1236 2712 1292 2756 et
1320 2702 1660 2774 necessaria,
1692 2714 1810 2759 tum
1836 2723 1965 2781 per-

227 2802 434 2858 niciosa
466 2812 522 2857 et
563 2820 968 2879 supervacanea
1007 2799 1299 2857 ostendere
1335 2822 1348 2856 z
1384 2820 1526 2880 saepe
1561 2801 1762 2859 fabulis
1800 2802 1964 2861 fidem

225 2882 483 2973 firmare,
535 2913 632 2958 aut
676 2902 919 2958 historiis
961 2901 1212 2974 demere;
1259 2901 1410 2979 quod
1458 2922 1630 2980 genus
1673 2898 1864 2970 θέσεις
1913 2919 1968 2962 et

227 2996 519 3068 ἀνασκευᾶς
562 3015 616 3060 et
657 2996 982 3067 κατασκευάς
1025 3003 1204 3062 Graeci
1249 3015 1448 3059 vocant
1486 3025 1498 3059 :
1542 3003 1719 3061 donec
1765 3008 1966 3063 sensim

228 3105 342 3161 haec
369 3103 726 3162 exoleverunt
746 3146 760 3175 ,
796 3117 851 3161 et
886 3105 956 3161 ad
982 3105 1416 3162 controversiam
1453 3117 1681 3162 ventum
1717 3118 1816 3163 est.
1849 3109 1965 3164 Ve-

226 3218 366 3261 teres
417 3209 808 3263 controverse‘ae·
850 3218 945 3278 aut
991 3226 1057 3261 ex
1103 3205 1350 3262 historiis
1392 3206 1796 3280 trahebantur3
1825 3206 1966 3265 sicut

227 3326 358 3362 sane
392 3304 673 3362 nonnullae
717 3326 892 3383 usque
937 3304 1117 3362 adhuc
1148 3328 1159 3362 :
1195 3319 1291 3363 aut
1334 3327 1399 3362 ex
1443 3308 1674 3364 veritate
1703 3329 1766 3364 ac
1794 3328 1881 3382 re,
1921 3310 1966 3365 si

488 3410 548 3445 ιι.
1314 3413 1317 3420 ,
1701 3406 1731 3465 7
