2372 3918
738 212 805 260 m
841 211 1156 260 ‘nmmum
1193 209 1523 256 NERONEM.
1913 224 1965 254 αι
1979 225 2009 271 0

265 309 372 357 tatis
407 326 551 373 quam
584 311 696 358 fidei
714 319 844 369 erat3
862 308 1158 370 Tiberioque
1181 307 1322 353 etiam
1353 304 1405 352 in
1418 306 1565 353 rebus
1595 322 1715 368 quas
1736 323 1835 354 non
1858 324 2010 356 oecu-

261 388 401 448 leret,
432 405 517 435 seu
549 396 722 435 natura
748 387 846 435 sive
884 386 1211 445 assuetudine,
1248 399 1473 446 suspensa
1505 398 1694 446 semper
1726 392 1774 431 et
1804 386 2008 433 obscura

258 465 431 525 verba;
459 475 578 513 tunc
600 482 746 525 vero,
773 464 945 512 nitenti
959 472 1013 511 ut
1039 462 1203 511 sensus
1233 478 1346 510 suos
1373 461 1566 524 penitus
1595 462 1815 523 abderet,
1847 464 1899 510 in
1932 463 2011 509 in-

260 553 442 591 certum
465 555 512 592 et
535 545 813 607 ambiguum
834 542 983 606 magis
1004 542 1389 603 implicabantur.

334 623 496 668 Verba.
523 622 646 682 Dio,
670 638 804 681 Lvu,
829 636 878 683 p.
903 619 1030 680 607:
1056 628 1212 685 Εὔχετό
1238 642 1286 670 τε
1316 627 1457 677 ὁσάκις
1477 627 1656 670 τοιοῦτόν
1681 643 1722 669 τι
1747 626 1828 684 ἄρα
1858 627 1979 669 πέσοι
2002 658 2013 677 ,

257 712 450 751 τοσοῦτον
475 706 546 751 καὶ
570 709 692 758 ζῆσαι
715 706 787 750 καὶ
814 705 934 765 ἄρξαι
965 706 1126 764 χρόνον,
1157 705 1247 749 ὅσον
1278 703 1326 747 ἂν
1352 710 1411 763 τῷ
1436 700 1628 764 δημοσίῳ
1652 705 1851 763 συμφέρῃ.

329 788 442 835 Cn.
468 789 628 835 XXV.
670 789 859 834 Tenere.
890 787 1072 846 Intell.,
1094 789 1154 833 In
1188 801 1243 832 eo
1265 794 1392 831 statu
1416 795 1567 843 esset,
1595 795 1649 831 ut
1668 787 1772 831 sine
1794 785 2008 847 periculo

256 867 597 928 rempublicam
619 881 708 912 nec
736 866 946 927 recipere
966 880 1053 910 nec
1074 865 1315 927 deponere
1334 864 1532 909 auderet
1552 879 1569 908 .·
1599 879 1750 927 graece
1779 876 1860 913 τῶν
1893 872 2007 913 ὠτῶν

258 953 338 1008 ἔχω
375 951 444 995 τὸν
479 952 610 1002 λύκον,
632 942 948 1005 proverbium
975 941 1090 990 inde
1123 951 1316 1002 natum,
1342 941 1479 1004 quod
1511 940 1678 1005 lupu's,
1717 941 1901 1004 quippe
1923 940 2009 1002 qui

255 1020 500 1067 breviores
522 1021 697 1067 haheat
719 1036 883 1081 aures,
917 1020 974 1068 iis
998 1020 1149 1067 teneri
1172 1036 1274 1066 non
1302 1028 1486 1082 potest,
1509 1033 1669 1082 neque
1691 1035 1857 1066 rursus
1891 1017 2010 1065 citra

255 1114 491 1144 summum
526 1098 792 1160 periculum
831 1114 858 1145 e
895 1099 1117 1146 manibus
1156 1097 1345 1144 dimitti.
1386 1096 1465 1144 Sic
1509 1098 1702 1144 Terent.
1719 1133 1733 1157 ,
1783 1096 1977 1143 Phorm.
1992 1127 2008 1150 ,

255 1193 317 1224 111
332 1211 346 1235 ,
371 1192 424 1237 2,
449 1192 507 1224 21
536 1194 549 1223 ε

435 1336 585 1378 Mihin’
605 1336 716 1379 domi
738 1340 824 1379 est?
842 1337 966 1379 immo
983 1336 1026 1378 id
1045 1337 1155 1392 quod
1177 1337 1318 1388 aiunt,
1341 1336 1507 1378 auribus
1531 1344 1649 1378 teneo
1668 1335 1828 1391 lupum,

431 1410 536 1449 Nam
557 1421 690 1463 neque
711 1408 915 1463 quomodo
932 1407 1112 1450 amittam
1132 1422 1155 1450 a
1178 1423 1244 1451 me
1261 1408 1425 1450 invenio
1439 1438 1450 1457 ‚
1471 1421 1603 1462 neque
1626 1405 1682 1448 uti

435 1477 646 1520 Retineam
666 1478 769 1523 scio.

255 1620 505 1668 Secundus
527 1630 686 1668 autem
699 1637 863 1669 versus
877 1621 1098 1668 Bentleio
1122 1622 1311 1684 spurius
1334 1622 1538 1668 videtur.
1592 1662 1597 1668 .

327 1697 552 1764 Clemens.
577 1700 637 1746 A.
668 1701 730 1747 U.
761 1700 872 1763 769.
898 1699 969 1747 Cf.
1004 1700 1203 1759 Tmrr„
1227 1702 1407 1746 Annal.
1424 1733 1441 1756 ‚
1475 1715 1543 1756 11,
1578 1697 1641 1758 39
1670 1711 1740 1756 sq.

323 1776 624 1823 Moliebatur.
657 1777 832 1837 Tacit.‚
857 1778 967 1824 ibid.
978 1813 994 1835 ‚
1022 1793 1101 1836 27·

323 1856 383 1899 ln
406 1852 615 1916 Illyrico.
639 1855 815 1914 Tacit.‚
839 1858 1017 1902 Annal.
1030 1890 1047 1912 ‚
1079 1872 1098 1902 1
1113 1891 1128 1915 ,
1162 1856 1331 1904 16-30.

319 1934 380 1979 In
407 1933 683 1980 Germania.
710 1933 860 1993 Ibid.,
886 1932 1063 1980 31-50.

321 2011 648 2073 Flagitabant.
671 2011 798 2070 Dio,
826 2028 959 2072 nvn,
983 2027 1035 2074 p.
1070 2010 1167 2066 604
1196 2028 1207 2058 ε
1243 2020 1301 2062 Τό
1331 2035 1377 2062 τε
1413 2019 1598 2077 σύμπαν,
1627 2018 1706 2060 οὔθ’
1739 2014 1839 2072 ὑπὲρ
1870 2013 1989 2057 {aaz

253 2093 362 2140 δεκοι
385 2098 456 2143 ἔτη
483 2098 780 2155 στρατεύεσθαι
813 2093 974 2151 ἤθελὀν,
1003 2097 1075 2141 καὶ
1107 2093 1300 2157 δραχμὴν
1332 2096 1559 2156 ἡμερησίαν
1586 2096 1730 2154 φέρειν,
1753 2094 1808 2137 τά
1840 2109 1887 2135 τε
1905 2086 2010 2134 ἆθλα.

255 2173 364 2223 εὐθὺς
389 2174 513 2217 αὐτοῦ
542 2174 580 2216 ἐν
605 2179 664 2231 τῷ
695 2170 972 2233 στρατοπέδῳ
994 2171 1221 2233 lap-&dvctv
1243 2174 1391 2226 ἠξίουν.
1420 2167 1491 2214 Cf.
1527 2167 1701 2212 TAcl'r.
1739 2163 1906 2211 eadem
1930 2161 2010 2207 di-

254 2253 461 2302 centem,
491 2245 672 2290 Annal.
689 2278 706 2301 ,
733 2260 752 2289 1
769 2278 782 2302 ,
806 2244 884 2290 26.

325 2323 668 2369 Germanicum.
693 2323 878 2384 Nempe
901 2322 1071 2369 milites
1104 2322 1155 2368 in
1179 2322 1433 2368 Germania
1457 2322 1702 2368 bellantes.

322 2400 643 2445 Resistentem.
668 2399 819 2447 Tacit.
837 2433 851 2459 ,
886 2402 1087 2456 Annal„
1123 2416 1168 2459 1,
1194 2400 1257 2448 35
1299 2416 1311 2444 t
1334 2399 1551 2446 «Faustis
1589 2398 1640 2444 in
1673 2395 2007 2443 Germanicum

254 2476 520 2535 ominibus;
546 2486 594 2523 et
617 2476 657 2523 si
669 2479 811 2524 vellet
833 2477 1113 2539 imperium,
1136 2486 1389 2540 promptos
1413 2486 1725 2524 ostentavere.
1753 2476 1875 2520 Tum
1891 2489 2008 2518 vero

253 2554 393 2616 quasi
426 2556 601 2602 scelere
640 2556 1062 2616 contaminaretur,
1084 2572 1297 2619 praeceps
1331 2555 1560 2603 tribunali
1593 2552 1800 2602 desiluit.
1831 2553 2007 2613 Oppo-

253 2641 451 2677 suerunt
476 2631 669 2679 abeunti
698 2649 852 2692 arma,
874 2633 1146 2682 minitantes
1167 2634 1220 2681 ni
1239 2634 1585 2698 regrederetur.
1611 2634 1677 2679 At
1699 2632 1777 2678 ille
1800 2629 2006 2676 moritu-

253 2726 358 2755 rum
403 2711 565 2771 potius
597 2727 741 2772 quam
759 2711 919 2758 ¹fidem
945 2729 1118 2760 exuere
1147 2714 1414 2774 clamitans,
1446 2713 1625 2760 ferrum
1649 2728 1677 2759 a
1708 2713 1854 2776 latere
1886 2708 2005 2754 diri-

254 2787 357 2847 puit
371 2823 383 2846 ,
409 2788 681 2850 elatumque
698 2790 943 2838 deferebat
966 2791 1015 2838 in
1028 2801 1224 2855 pectus,
1237 2791 1290 2838 ni
1311 2790 1523 2854 proximi
1543 2805 1766 2854 prensam
1788 2788 2002 2836 dextram

253 2881 299 2909 vi
322 2865 631 2912 attinuissent.
663 2887 681 2906 »ι

321 2944 516 2990 Senatui
542 2945 713 2991 liberet.
741 2946 916 3005 Tacit.‚
941 2948 972 2993 l.
1003 2962 1043 2994 c.
1058 2983 1072 3007 ,
1106 2963 1163 2995 ια
1192 2964 1204 2994 t
1230 2949 1398 2994 «Inter
1421 2962 1528 3009 quae
1542 2954 1708 2993 senatu
1732 2944 1793 2991 ad
1820 2941 2005 2989 infimas

254 3022 594 3068 obtestationes
624 3024 971 3084 procumbente
1002 3025 1125 3072 dixit
1152 3027 1278 3073 forte
1305 3024 1555 3085 Tiberius,
1593 3040 1670 3081 se,
1700 3032 1756 3069 ut
1785 3037 1883 3068 non
1913 3020 2003 3065 toti

252 3097 524 3158 reipublicae
546 3115 738 3160 parem,
772 3099 837 3147 ita
863 3117 1178 3166 quaecumque
1199 3119 1312 3166 pars
1335 3102 1424 3150 sibi
1450 3102 1771 3158 mandaretur,
1798 3099 1899 3159 ejus
1926 3107 2004 3143 tu-

254 3177 394 3221 telam
418 3186 803 3239 suscepturum.»

319 3255 519 3302 Fraude.
545 3256 639 3302 Ista
655 3255 776 3315 scih,
802 3257 1003 3305 docente
1028 3259 1176 3305 Tacit.
1193 3294 1205 3317 ,
1232 3262 1405 3305 Annal.
1420 3293 1435 3315 ,
1469 3273 1537 3316 ιι,
1566 3264 1626 3313 40
1654 3275 1662 3301 :
1695 3278 1714 3297 «ι
1731 3258 1824 3301 Dat
1847 3270 2001 3317 nego-
