2372 3918
874 223 939 268 IN
975 223 1194 269 TITUM.
1792 225 1881 280 307

233 322 468 366 Flaurum.
492 321 567 366 Sic
590 321 782 365 floram
806 319 941 366 deam
956 320 1186 364 Flam-am
1210 317 1460 375 dixerunt,
1483 331 1584 363 non
1606 332 1633 362 a
1657 315 1855 365 floribus
1869 354 1881 375 ,

165 396 246 442 sed
270 405 351 447 ἀπὸ
382 410 451 453 τῆς
473 404 759 460 φλαυρότητος,
783 394 898 456 quia
923 393 1028 440 vilis
1049 402 1097 439 et
1119 393 1409 454 propudiosa
1435 392 1586 439 fuerat
1612 395 1853 440 meretrix.

164 522 171 530 ,
231 475 490 521 Perductae.
517 473 626 518 Scil:
650 472 711 518 ad
734 480 966 532 stuprum.
1173 523 1176 529 ¹

231 552 581 613 Dc’spensatore.
616 549 777 607 Qualis
807 548 866 594 sit
895 547 1005 593 vide
1027 547 1077 592 in
1104 551 1256 608 Aug„
1290 562 1441 592 vau.

228 630 334 675 Car.
375 628 555 674 xxm.
596 628 736 672 Nato.
773 623 862 672 Cui
893 632 1062 670 natum
1100 621 1257 686 (sensu
1285 622 1513 687 obsceno)
1538 624 1753 685 improba
1787 623 1886 669 sive

162 722 329 770 magna
357 715 469 752 erat.

225 781 365 848 ἔγχος.
396 784 465 829 Ex
493 785 683 829 Homer.
715 782 883 835 Iliad„
909 795 1007 837 vn,
1033 780 1143 824 213.

228 868 419 925 Κήρυλος.
454 859 638 905 Diserte
675 859 742 904 Cl.
776 860 907 903 Hase
936 874 952 901 .·
974 876 1001 900 α
1025 858 1185 915 Quum
1210 857 1408 903 Cerulus
1439 856 1698 918 ingenuum
1725 871 1773 900 se
1805 866 1885 900 tu·

159 936 310 994 lisset,
345 936 559 983 Lachetis
596 943 751 981 sumto
776 934 992 991 nomine,
1026 933 1339 995 Vespasianus
1361 933 1539 979 mortui
1567 933 1717 989 bona,
1740 941 1794 977 ut
1821 932 1882 977 li·-

160 1012 282 1058 berti
317 1013 495 1072 Ceruli,
518 1010 731 1073 quamvis
760 1012 937 1058 Laches
974 1010 1110 1058 vivus
1146 1010 1335 1067 fuisset,
1377 1011 1438 1056 ad
1485 1026 1533 1056 se
1577 1018 1885 1071 perventura,

160 1096 401 1151 artemque
423 1087 550 1134 illam
572 1105 741 1150 parum
761 1088 1057 1150 profuturam
1079 1086 1260 1133 homini
1285 1087 1473 1133 dicebat
1487 1122 1499 1143 ‚
1527 1086 1885 1132 accommodato

157 1180 295 1211 versu
320 1165 824 1230 Menandri,(Colle9t.
861 1167 1052 1222 Clerici,
1086 1177 1138 1224 p.
1171 1165 1308 1227 248),

354 1311 469 1364 Επὰν
505 1321 726 1377 ἀποθάνῃς,
755 1315 862 1369 αὖθις
894 1319 933 1369 ἐξ
973 1321 1094 1377 ἀρχῆς
1120 1321 1206 1375 ἔσῃ.

160 1458 230 1502 Ita
259 1465 314 1502 ut
336 1458 550 1504 Lachetis
575 1458 830 1520 Cerulique
853 1459 1046 1504 nomina
1079 1458 1288 1505 adderet.
1316 1479 1334 1499 ι.

224 1532 649 1596 Dispensationem'.
672 1537 732 1581 H.
760 1551 799 1581 e.
826 1534 1168 1597 dispensatoris
1191 1551 1377 1582 munus.

231 1610 576 1670 Offincleretur.
602 1614 673 1658 Ita
705 1611 912 1674 Xiphi1.‚
936 1628 1148 1674 vax,.p.
1175 1613 1284 1672 751.

228 1688 449 1735 Summoe.
474 1699 600 1739 Πέντι
622 1696 693 1739 καὶ
718 1696 841 1741 εἴκοσι
869 1695 1089 1756 μυριάδων,
1106 1700 1223 1738 teste
1238 1693 1355 1736 Zon.
1372 1726 1384 1748 ,
1411 1696 1532 1738 Ann.
1548 1726 1562 1746 ‚
1590 1707 1656 1748 n,
1673 1707 1719 1751 p.
1746 1687 1848 1750 195.

222 1766 360 1811 locis.
387 1767 545 1811 Aurel.
573 1765 694 1811 Vict.
721 1768 848 1826 Epit.
863 1800 879 1822 ,
906 1782 984 1826 ιι,
1026 1783 1080 1825 17
1113 1784 1124 1813 ε
1148 1767 1293 1814 Seriis
1305 1767 1413 1827 joca
1431 1801 1443 1825 ,
1471 1768 1646 1828 quibus
1673 1767 1882 1812 delecta-

157 1843 324 1900 batur,
351 1841 609 1888 admiscens
634 1842 824 1889 interiit.
840 1864 859 1884 »

226 1920 336 1965 Cu.
361 1921 542 1965 XXIV.
571 1919 823 1965 Consulatu
847 1936 932 1966 suo
958 1937 1093 1967 nono.
1119 1925 1176 1966 A.
1202 1922 1261 1967 U.
1297 1921 1406 1967 832.

231 1995 445 2042 Cutilias,
482 1994 628 2052 Plin.,
659 1998 718 2042 H.
755 1997 814 2042 Ν.
834 2030 846 2050 ,
881 2013 1024 2056 xxx1,
1051 2015 1078 2043 2
1114 2014 1125 2042 ε
1158 1999 1341 2044 Cutiliae
1375 1999 1436 2044 in
1459 1996 1646 2043 Sabinis
1687 1995 1883 2057 gelidis—

158 2073 307 2130 simae,
332 2088 473 2118 succo
498 2073 708 2134 quodam
739 2089 944 2134 corpora
971 2076 1235 2133 invadunt,
1260 2083 1316 2122 ut
1338 2090 1493 2136 prope
1523 2089 1708 2121 morsus
1733 2073 1886 2133 videri

156 2148 331 2211 possit,
355 2148 600 2209 aptissimae
627 2149 897 2209 stomacho,
918 2152 1102 2210 nervis,
1125 2150 1346 2197 universo
1372 2149 1578 2211 corpori.
1606 2170 1625 2190 υ
1652 2150 1722 2195 Cf.
1759 2151 1884 2194 Dro-

159 2242 263 2272 urs.
289 2227 433 2284 Ha„
458 2227 565 2272 Ant.
584 2240 724 2283 mm„
755 2241 802 2285 1,
823 2242 871 2289 p.
897 2242 970 2274 n.
1001 2227 1265 2274 Cotiscolc'oe
1295 2228 1520 2275 dicuntur
1552 2227 1600 2271 in
1636 2227 1883 2283 strabon„

158 2321 200 2361 v,
223 2319 271 2365 p.
306 2302 409 2349 158.

222 2382 330 2426 Cn.
357 2381 514 2427 XXV.
540 2379 789 2441 Autfilios.
814 2383 884 2428 De
910 2397 1008 2429 uno
1031 2381 1132 2428 filio
1162 2383 1253 2429 hoc
1280 2381 1452 2428 dixisse
1483 2389 1646 2427 narrat
1669 2376 1850 2447 Xiphil.
1866 2411 1879 2434 ,

154 2457 235 2504 ub.
259 2473 362 2519 sup.

823 2744 903 2800 IN
942 2745 1198 2800 TITUM.

220 2922 377 2968 Cum·
399 2923 438 2968 1.
473 2922 754 2985 Cognomine
775 2932 993 2984 patemo,
1027 2924 1224 2984 Eutrop.
1243 2958 1256 2981 ,
1281 2937 1379 2980 vn,
1417 2922 1472 2967 16
1500 2938 1511 2966 ε
1548 2941 1567 2962 κ
1592 2921 1711 2969 Huic
1741 2922 1876 2969 Titus

152 2996 276 3046 filius
301 2999 536 3058 successit,
562 2999 646 3062 qui
671 3008 718 3045 et
739 2999 840 3060 ipse
863 3001 1175 3062 Vespasianus
1198 3008 1266 3047 est
1281 3000 1448 3048 dictus.
1475 3019 1496 3041 υ

219 3076 405 3137 Insigni
423 3092 562 3122 anno.
594 3079 649 3122 A.
686 3077 744 3124 U.
783 3083 889 3139 794.
923 3076 1047 3123 Vide
1074 3078 1220 3139 Calt'g.
1237 3111 1251 3132 ,
1280 3093 1376 3124 ux.

213 3153 543 3213 Septizonium.
569 3153 716 3211 Quod
740 3169 837 3200 non
865 3154 1256 3202 confundendum
1286 3169 1392 3200 cum
1424 3150 1677 3217 magnifico
1700 3167 1872 3200 monu-

149 3238 307 3275 mento
332 3228 530 3291 Septimi
555 3229 741 3288 Severi,
766 3230 843 3278 cui
867 3231 992 3278 idem
1021 3247 1047 3278 a
1071 3229 1220 3293 figura
1243 3246 1430 3278 nomen.

1579 3336 1668 3371 20.
