2372 3918
441 284 528 326 170
1208 274 1397 319 NOTAE

434 365 591 414 riuum
607 364 791 424 fecerit,
817 367 1381 430 sculpserit,expresserit
1406 368 1553 415 sciens
1579 368 1693 414 dolo
1709 370 1848 413 malo.
1865 366 2170 430 »Augustin.,

433 444 495 487 de
518 445 656 505 Legn,
693 459 743 504 p.
771 442 847 492 51.

501 522 663 567 Asinii
680 521 904 583 Epicadi.
933 523 1084 569 Asinii
1109 524 1356 582 Pollionis,
1388 524 1472 585 qui
1496 523 1744 569 Parthinos
1780 521 2018 567 devicerat
2041 524 2096 566 Α.
2113 524 2172 568 U.

437 597 556 658 715,
578 613 740 646 servus
766 615 779 646 ε
813 609 982 661 postea
1014 601 1352 659 manumissus,
1375 601 1567 662 patroni
1597 616 1773 645 nomen
1803 599 1924 644 tulit.
1958 598 2175 643 Parthini

435 684 592 722 autem
625 692 739 740 gens
781 686 914 724 erant
959 679 1139 741 lllyriae.
1189 679 1313 724 Vide
1354 681 1588 735 Cuma„
1626 679 1767 738 Geog.
1817 687 1940 731 ant.‚
1979 692 2018 721 11
2034 711 2047 733 ,
2093 692 2106 719 ι
2122 678 2171 728 3,

434 767 482 814 p.
519 769 657 813 1027.

502 832 746 893 Hybridoe.
782 834 987 893 Nempe,
1017 833 1130 894 quia
1153 842 1290 894 patre
1321 833 1571 890 Parthino,
1602 841 1750 877 matre
1782 847 1897 877 vero
1937 831 2053 875 Itala
2089 846 2176 874 na-

435 917 512 956 tus
548 918 651 955 erat
678 926 691 955 :
719 910 941 969 Hybrida?
972 919 1083 956 sunt
1113 909 1335 972 proprie,
1359 927 1421 956 ex
1449 911 1708 971 imparibus
1741 908 2014 970 parentibus
2043 908 2175 961 nati,

436 986 466 1033 i.
492 1002 532 1033 e.
558 1003 620 1032 ex
642 989 859 1034 venatico
883 998 932 1033 et
950 990 1186 1050 gregario.
1213 989 1283 1035 Cf.
1311 991 1473 1046 Pum,
1500 1005 1614 1047 vn1,
1643 987 1700 1033 53
1716 1023 1728 1045 ,
1755 987 1839 1047 qui
1863 987 1987 1031 hanc
2013 999 2177 1030 vocem

438 1062 489 1109 in
518 1063 733 1110 homines
766 1081 963 1126 quoque
986 1066 1259 1111 translatam
1275 1066 1437 1112 docet.

505 1140 930 1186 Nomenculatoris.
945 1143 1067 1187 'Non
1091 1142 1153 1188 ad
1167 1142 1495 1203 prensationes
1520 1151 1704 1187 tantum
1728 1140 1969 1187 candidati
1983 1155 2180 1184 nomen—

441 1217 734 1263 culatoribus
757 1219 1031 1277 utebantur,
1063 1219 1148 1266 sed
1171 1220 1232 1265 ad
1265 1220 1571 1266 salutationes
1595 1235 1793 1280 quoque
1819 1234 1872 1264 ac
1901 1217 2179 1278 dispositio-

440 1308 550 1338 nem
581 1293 960 1359 candidatorum.

508 1371 617 1416 Cn».
642 1372 757 1417 XX.
793 1372 1131 1420 Dalmaticum.
1157 1375 1215 1419 A.
1240 1374 1300 1420 U.
1330 1389 1437 1434 719.
1464 1373 1583 1430 Dio,
1607 1388 1747 1429 xmx,
1780 1388 1827 1432 p.
1865 1379 1955 1426 414
1984 1387 1994 1415 :
2019 1371 2100 1422 Ἐπὶ
2132 1376 2180 1420 δὲ

440 1450 495 1500 δ’·ὶι
520 1456 745 1514 Δαλμάτας
765 1456 953 1514 πρότερος
984 1457 1055 1515 μὲν
1083 1458 1101 1500 ὁ
1128 1449 1365 1515 Ᾰγρίππας·
1393 1458 1539 1500 ἔπειτα
1568 1453 1617 1499 δὲ
1649 1456 1718 1499 καὶ
1746 1458 1763 1498 ὁ
1789 1458 1953 1507 Καῖσαρ
1987 1457 2183 1513 ἐπεστρά-

441 1545 574 1574 τευσε,
606 1523 730 1570 Vide
756 1526 906 1571 FLon.
923 1562 936 1584 ‚
961 1542 1039 1585 1v,
1078 1542 1149 1572 12.

507 1602 813 1654 Adolescens.
841 1605 992 1649 Natus
1018 1621 1180 1651 xxvul
1215 1621 1378 1651 annos.

511 1678 847 1726 Cantabricum.
874 1684 930 1727 A.
956 1684 1015 1729 U.
1050 1698 1158 1744 729.
1186 1683 1308 1728 Vide
1333 1685 1482 1729 FLOR.
1503 1715 1518 1736 ,
1552 1682 1634 1726 ub.
1667 1696 1770 1740 sup.

507 1757 619 1801 Car.
644 1758 783 1804 XXI.
809 1759 1029 1804 Raetiam.
1055 1760 1372 1805 Scribendum
1402 1747 1502 1805 sine
1525 1758 1583 1813 lz,
1608 1774 1632 1803 e
1656 1756 1897 1817 lapidibus
1920 1756 2183 1801 vetustissi—

442 1832 626 1895 misque
649 1835 781 1883 MSS.
795 1871 808 1895 ‚
825 1835 1098 1882 docuerunt
1120 1838 1361 1883 Drakenb.
1397 1845 1444 1882 et
1459 1837 1638 1882 Duker.
1672 1835 1733 1880 ad
1755 1834 1940 1878 Livium
1954 1868 1966 1891 ,
1983 1849 2158 1878 cxxxw
2172 1871 2185 1891 ,

444 1918 491 1955 et
520 1911 838 1974 Oudendorp.
869 1914 932 1959 ad
960 1915 1007 1958 h.
1033 1916 1062 1960 l.
1404 1913 1410 1918 ’

509 1988 742 2035 Salassos.
766 1992 824 2036 A.
842 1992 902 2037 U.
923 2006 1032 2051 729.

511 2067 820 2114 lucum-iones.
845 2068 996 2125 Flor.‚
1035 2084 1108 2125 lv,
1140 2083 1195 2112 12
1223 2084 1235 2112 ε
1265 2068 1468 2113 «Visum
1494 2077 1562 2113 est
1589 2068 1757 2115 Caesari
1785 2070 2031 2128 Augusto,
2064 2082 2185 2128 gen—

445 2151 539 2189 tem
569 2143 704 2188 aditu
742 2143 1069 2189 difficillimam
1095 2160 1407 2190 summovere.
1440 2146 1587 2191 Misso
1617 2147 1762 2207 igitur
1798 2146 2033 2200 Lentulo,
2064 2144 2188 2188 ultra

445 2220 718 2266 ulteriorem
741 2221 918 2281 repulit
942 2222 1118 2282 ripam3
1151 2222 1267 2266 citra
1290 2222 1510 2282 praesidia
1534 2222 1790 2267 constituit.
1809 2241 1833 2262 n

511 2300 774 2345 Summovit.
800 2300 944 2358 Vell.,
970 2315 1037 2358 11,
1073 2300 1161 2344 106
1189 2316 1199 2344 ε
1229 2320 1247 2340 «
1269 2300 1345 2344 Ad
1373 2299 1892 2362 quadringentesimum
1920 2296 2189 2342 milliarium

447 2391 473 2420 a
498 2376 668 2421 Rheno
705 2392 858 2438 usque
897 2376 958 2422 ad
985 2375 1164 2422 flumen
1207 2376 1394 2434 Albim,
1436 2376 1521 2438 qui
1559 2378 1851 2422 Semnonum
1880 2374 2190 2421 Hermundo—

447 2469 651 2516 rumque
689 2453 807 2501 fines
841 2454 1143 2516 praeterfluit,
1179 2470 1405 2500 romanus
1437 2470 1544 2499 cum
1579 2454 1723 2516 signis
1754 2453 2014 2514 perductus
2049 2468 2189 2497 exer-

450 2530 583 2577 citus.

514 2611 613 2656 Nec
642 2611 899 2671 unigenti.
937 2611 1089 2656 Aliter
1122 2610 1182 2655 de
1219 2609 1346 2654 bello
1386 2609 1640 2654 Pannoniis
1684 2609 1815 2653 illato
1851 2608 2036 2667 judicat
2068 2607 2189 2664 Dio,
2241 2671 2244 2673 Δ

448 2703 592 2747 xmx,
625 2703 675 2748 p.
702 2688 795 2742 413
822 2704 836 2734 t
863 2708 882 2729 (ι
903 2686 983 2737 Eunt
1007 2696 1245 2744 Παννονίους
1271 2695 1558 2751 ἐστράτευσεν,
1587 2695 1772 2751 ἔγκλημα
1804 2694 1874 2751 μὲν
1913 2688 2027 2735 οὐδὲν
2055 2693 2190 2740 αὐτοῖς

453 2774 674 2831 ἐπιφέρων,
707 2789 747 2816 κ.
773 2790 811 2816 τ.
844 2780 880 2816 λ.

516 2843 754 2888 Feminas.
790 2841 939 2888 Tacit.
949 2877 963 2900 ,
1006 2844 1187 2897 Germ„
1219 2858 1320 2887 vlu
1360 2859 1369 2886 :
1414 2861 1433 2882 «
1457 2840 1706 2886 Efficacius
1740 2841 2014 2901 obligantur
2048 2838 2190 2883 animi

451 2918 727 2978 civitatum,
767 2920 943 2981 quibus
979 2920 1102 2965 inter
1146 2921 1333 2965 obsides
1366 2921 1534 2980 puellae
1575 2935 1773 2980 quoque
1803 2918 1988 2964 nobiles
2035 2916 2190 2976 impe-

449 3005 628 3042 rantur.
656 3017 676 3039 n

516 3075 731 3118 Marium
755 3076 981 3135 pignora.
1007 3076 1065 3120 H.
1092 3090 1131 3119 e.
1156 3090 1309 3118 mares
1341 3074 1390 3118 in
1419 3073 1594 3134 pignus
1619 3073 1769 3118 datos.

516 3154 590 3196 Ac
616 3151 1004 3212 Scythas.'Unde
1026 3152 1191 3197 Horat.
1209 3185 1221 3207 ‚
1253 3152 1340 3195 od.
1378 3168 1453 3207 ιν,
1498 3149 1552 3195 15
1586 3167 1597 3196 t

684 3311 743 3347 Te
762 3308 959 3348 Cantaber
983 3322 1061 3347 uon
1088 3315 1179 3348 ante
1201 3306 1433 3356 domabilis,
