2372 3918
356 238 449 285 216
590 224 596 229 ’
1136 247 1344 295 Nom:-

424 342 597 402 Aponi.
633 340 812 387 Lucan.
827 377 842 400 ‚
868 357 943 387 vu
958 377 972 400 ‚
1000 357 1092 387 202
1122 360 1132 387 z

528 490 729 544 Euganeo,
750 490 784 531 si
808 504 902 533 vera
925 491 1023 532 fides
1042 494 1355 535 memorantibus
1369 525 1381 545 ,
1404 508 1527 550 augur

529 559 642 601 Colle
659 560 800 602 sedens
812 592 824 612 ‚
841 564 1011 616 Aponus
1035 562 1151 603 terris
1171 563 1240 604 ubi
1261 563 1420 605 fumifer
1439 566 1544 615 exit,

529 631 664 683 Atque
682 631 903 672 Antenorei
922 631 1162 687 dispergitur
1178 633 1285 675 unda
1305 633 1479 675 Timavi.

422 771 663 830 Summum
697 773 957 818 numerum.
985 773 1095 820 scil.
1115 773 1297 833 jactum
1322 790 1605 835 venereum,
1630 777 1716 839 qui
1737 779 2006 828 habebatur
2025 782 2099 829 fe-

349 845 614 894 licissimus.
650 848 721 894 Cf.
747 864 916 910 supra,
956 854 1082 911 Aug.
1095 884 1111 906 ,
1146 867 1278 898 Lxx1.

422 924 696 986 Conspecta.
722 927 948 988 Aquilam
965 928 1193 986 Rhodum
1208 945 1308 974 non
1331 931 1508 976 habere
1524 939 1724 977 testatur
1746 933 1865 979 Plin.
1880 970 1893 992 ‚
1919 937 1977 982 H.
2003 937 2064 983 N.
2084 972 2099 990 ,

348 1014 409 1058 Χ.
438 1017 515 1064 29.
541 1003 614 1048 De
646 1018 699 1048 re
731 1003 1158 1050 luculentissimum
1188 1007 1487 1067 Apollonidae
1511 1024 1700 1055 carmen
1732 1010 1843 1056 vide
1869 1011 1921 1057 in
1957 1014 2101 1061 Antlz.
2150 1065 2157 1070 ,

346 1094 528 1139 groec.,
568 1081 664 1124 vol.
707 1095 777 1137 11,
801 1096 850 1141 p.
883 1096 1000 1141 121,
1042 1090 1089 1127 ct
1126 1084 1600 1153 Anz‘tnadv.¹Jacob.,
1636 1089 1731 1133 vol.
1776 1104 1847 1146 11,
1886 1099 2008 1151 part.
2048 1109 2111 1154 12

348 1170 397 1214 p.
426 1155 537 1202 362.

423 1233 739 1294 Thrasyllum.
765 1237 837 1280 De
862 1252 962 1297 quo
986 1253 1090 1298 sup.
1115 1241 1239 1300 Aug.
1254 1272 1271 1294 ,
1306 1253 1481 1285 xcvnI.

415 1311 730 1372 Ptoecipitare
753 1313 803 1356 in
827 1329 976 1360 mare.
1007 1316 1077 1361 Cf.
1102 1317 1255 1363 D101t.
1270 1350 1284 1374 ,
1308 1333 1384 1374 LV,
1408 1333 1456 1378 p.
1485 1316 1594 1363 556.
1620 1319 1693 1364 Ita
1716 1320 1889 1364 Zonar.
1904 1354 1918 1377 ,
1942 1322 2067 1365 Ann.
2080 1354 2095 1376 ,

350 1404 415 1445 11,
435 1404 483 1448 p-
517 1386 603 1446 167
636 1405 649 1433 :
673 1397 800 1455 Λόγος
817 1398 925 1454 ἔχει,
949 1399 1011 1441 ὅτι
1042 1392 1246 1458 μελλήσας
1268 1402 1371 1444 ποτὲ
1399 1403 1436 1445 ἐν
1462 1407 1515 1460 τῇ
1531 1393 1649 1460 ῥόδῳ
1666 1403 1732 1445 τὸν
1758 1403 1990 1460 Θράσυλλον
2016 1405 2097 1447 ἀπο

350 1478 420 1516 τοῦ
446 1474 601 1530 τείχους
623 1474 756 1527 ὤσειν,
779 1471 926 1523 ἐπειδὴ
958 1478 1075 1534 μόνος
1097 1474 1210 1535 αὐτῷ
1239 1480 1360 1522 πάνθ’
1390 1481 1468 1523 ὅσοι
1500 1464 1642 1522 ἐνενόει
1666 1475 1853 1537 συνῄδει.

421 1556 528 1601 Cu».
554 1556 663 1600 XV.
693 1555 905 1602 Coactus.
929 1557 1105 1617 Tacit„
1128 1561 1306 1604 Annal.
1321 1594 1335 1614 ,
1363 1576 1381 1604 1
1397 1596 1409 1617 ‚
1437 1561 1463 1613 3
1483 1577 1493 1604 :
1520 1581 1539 1600 α
1559 1559 1917 1619 Germanicum,
1942 1563 2100 1607 Druso

351 1640 535 1689 ortum,
564 1630 735 1677 adsciri
756 1648 845 1693 per
878 1634 1188 1696 adoptionem
1211 1651 1239 1681 a
1260 1636 1455 1682 Tiberio
1475 1636 1640 1696 jussit,
1674 1652 1951 1698 quanquam
1985 1639 2122 1684 esset‘

350 1708 401 1753 in
430 1707 573 1753 domo
605 1707 787 1755 Tiberii
816 1707 942 1756 filius
961 1712 1162 1771 juvenis.
1197 1732 1217 1754 »
1252 1715 1255 1718 '

420 1788 627 1832 Peculio.
644 1787 888 1833 Peculium
905 1788 1168 1849 dicebatur,
1187 1790 1428 1851 quidquid
1442 1800 1580 1852 pater
1594 1792 1669 1837 vel
1694 1791 1937 1851 dominus,
1953 1790 2103 1836 filium

350 1880 487 1910 suum
513 1865 589 1909 vel
618 1880 806 1909 servum
830 1865 878 1910 in
910 1875 1146 1926 potestate
1170 1883 1251 1912 sua
1278 1869 1458 1914 habere
1488 1877 1534 1914 et
1563 1884 1656 1929 pro
1680 1884 1769 1915 suo
1794 1877 1997 1915 tractare
2019 1885 2099 1915 ar-

348 1940 494 1987 bitrio
516 1941 804 2001 patiebatur.

418 2020 665 2080 Abdicato.
691 2020 816 2066 Vide
839 2034 942 2082 sup.
970 2020 1170 2083 August.
1184 2056 1199 2078 ,
1218 2021 1343 2088 32(
1375 2005 1659 2078 Lm*

334 2083 340 2135 ᾗ
417 2110 530 2154 CAP.
557 2109 689 2154 XVI.
720 2110 909 2154 Rursus.
937 2112 1210 2176 Postulantc
1241 2114 1460 2175 Augusto
1492 2129 1504 2158 ε
1530 2114 1708 2172 Tacit.,
1734 2118 1886 2169 Ann.,
1912 2130 1957 2171 1,
1992 2130 2051 2158 10
2083 2131 2094 2158 ε

350 2206 370 2228 «
394 2187 664 2247 Augustus,
695 2186 861 2246 paucis
887 2197 996 2232 ante
1033 2188 1167 2234 annis
1183 2223 1196 2246 ‚
1223 2205 1374 2250 quum
1398 2189 1595 2235 Tiberio
1627 2190 1923 2236 tribunitiam
1956 2200 2101 2251 pote-

349 2273 517 2310 statem
550 2265 822 2324 apatribus
846 2282 1037 2311 rursum
1070 2268 1347 2327 postularet.
1375 2288 1394 2309 ³>

417 2344 722 2403 Delegatus...
747 2352 914 2389 status.
941 2344 1209 2404 Impeditus
1242 2345 1438 2406 quidem
1471 2346 1627 2402 locus,
1661 2339 1805 2406 quem
1831 2346 2099 2391 Casaubon.

348 2419 630 2463 mutandum
671 2419 917 2465 censuerit.
962 2421 1278 2467 Disertissime
1317 2423 1385 2468 Cl.
1423 2423 1556 2487 Hase
1593 2439 1609 2464 .·
1646 2443 1664 2463 α
1691 2423 1876 2468 Dixisse
1911 2422 2102 2467 videtur

351 2504 520 2541 auctor
541 2498 788 2557 pacandus*
817 2498 1088 2542 Germanice
1115 2509 1293 2554 status,
1319 2499 1556 2544 vitaturus
1580 2503 1880 2564 &limodiam-‘2'
1901 2501 2101 2561 delegu-

349 2584 421 2618 tus
442 2575 725 2634 pacandus,
760 2576 835 2619 vel
859 2577 1089 2636 delegata
1104 2578 1340 2636 pacanda
1378 2578 1638 2622 Germania
1658 2579 1899 2640 provincia
1913 2610 1930 2631 ,
1966 2577 2100 2638 quod

347 2665 485 2697 aures
508 2653 906 2705 hoirescerent....
942 2653 1025 2698 Est
1056 2654 1203 2716 igitur
1240 2642 1392 2699 nostri
1432 2653 1528 2698 loci
1558 2670 1721 2700 sensus
1745 2671 1756 2699 ε
1786 2655 2100 2700 demandatus
2138 2690 2143 2695 ,

348 2738 420 2773 est
456 2729 635 2774 Tiberio
658 2739 803 2774 status
833 2731 1129 2785 Germanice,
1165 2731 1197 2775 i.
1222 2747 1261 2776 e.
1296 2733 1406 2792 ipsa
1437 2732 1727 2788 Germania,
1761 2744 1810 2778 ut
1825 2734 2063 2792 pacanda
2079 2750 2098 2788 ;

344 2807 615 2864 pacationis
639 2806 872 2868 indigens.
891 2827 911 2847 »

414 2884 705 2943 Defectione.
732 2889 788 2929 A.
820 2887 878 2932 U.
916 2884 1026 2948 759.

419 2962 770 3007 Gravissimum.
798 2964 916 3009 Vell.
932 2999 946 3022 ,
980 2982 1044 3024 11,
1085 2982 1205 3011 110:
1233 2986 1252 3007 <‹
1270 2968 1451 3013 Tantus
1473 2967 1619 3027 hujus
1654 2966 1769 3012 belli
1799 2966 1891 3011 fuit
1920 2974 2097 3022 metus,

347 3047 401 3083 ut
426 3038 640 3083 stabilem
662 3039 795 3084 illum
820 3050 867 3085 et
890 3039 1129 3088 firmatum
1150 3052 1396 3094 tantorum
1421 3045 1662 3090 bellorum
1684 3042 1976 3103 experientia
1992 3043 2096 3087 Cae-

350 3116 464 3161 saris
488 3118 692 3178 Augusti
715 3118 925 3164 animum
949 3130 1170 3181 quateret
1194 3131 1337 3182 atque
1361 3115 1573 3167 terreret.
1590 3121 1753 3167 Habiti
1775 3120 1938 3181 itaque
1961 3120 2096 3165 dele-

352 3202 480 3249 ctus,
503 3195 716 3240 revocati
738 3196 955 3257 undique
981 3213 1143 3243 omnes
1166 3199 1400 3256 veterani,
1424 3199 1541 3256 viri,
1566 3199 1844 3258 feminaeque
1873 3213 1931 3243 ex
1955 3212 2096 3241 censu

350 3270 623 3316 libertinum
658 3283 832 3318 eoactae
861 3274 974 3320 dare
1006 3275 1215 3321 militem.
1250 3277 1427 3321 Audita
1451 3277 1500 3320 in
1525 3285 1690 3323 senatu
1717 3291 1814 3320 vox
1840 3273 2094 3334 principis:
