2372 3918
810 275 875 319 ιΝ
911 273 1261 318 (mmmmm.
1804 270 1899 333 259

187 369 313 429 seph·
329 404 342 426 ‚
368 369 398 413 l·
434 384 472 413 c·
499 385 510 412 ἔ
538 375 620 418 Καὶ
645 375 679 418 οἱ
708 376 779 433 μὲν
803 372 1069 432 πρισῧιυτοιὶ,
1086 374 1300 431 Οὐηράνιος
1322 374 1390 415 καὶ
1415 375 1603 430 Βρούχος.
1628 372 1832 433 δήμαρχοι
1846 373 1896 419 δὲ

186 450 288 499 ἦσαν
315 454 548 510 ἀμφότεροι,
574 453 655 501 τοῖς
669 447 717 494 δὲ
740 453 907 509 ἐχρῶντο
930 452 1011 499 τοῖς
1036 450 1174 507 λόγοις.

251 533 443 576 Diversa
470 532 759 577 censentium.
784 529 900 587 Dio,
926 546 1012 587 Lx,
1041 546 1089 590 p.
1127 528 1219 583 664
1263 547 1274 573 :
1313 536 1398 579 Καὶ
1431 538 1578 581 πολλαὶ
1617 536 1687 581 καὶ
1719 536 1901 581 nouanti

185 621 344 673 γνῶμαι
368 616 597 672 ἐλίχθησαν.

251 698 362 741 Cn.
387 698 473 742 XI.
498 696 685 741 Paucis.
715 695 901 741 Chaerea
930 702 978 740 et
1000 695 1164 754 Lupo,
1198 703 1327 741 teste·
1343 696 1562 755 loseph„
1588 696 1668 741 ub.
1694 710 1824 755 sup„
1853 693 1898 740 3.

186 772 431 818 Claudium
460 788 508 819 se
529 781 803 818 necaturum
831 772 1041 818 Chaereas
1065 771 1263 817 dixerat.
1289 771 1413 818 Vide
1445 773 1663 830 Josnn„
1686 772 1800 816 ibid.

254 851 523 911 Augustino.
547 850 606 896 Η.
634 864 674 894 e.
709 864 808 910 quo
831 857 984 894 statua
1006 848 1208 910 Augusti
1237 848 1489 895 ferebatur.

253 926 397 971 Patri.
424 927 525 972 Imo
546 924 670 986 patri
692 933 739 970 et
758 924 911 971 matri.
935 924 1051 984 Dio,
1077 939 1164 982 Lx,
1187 940 1235 986 p.
1262 924 1354 983 667
1381 941 1392 970 :
1420 937 1486 990 Τῷ
1510 928 1559 975 δὲ
1583 928 1638 979 δὴ
1661 933 1822 991 Δρούσῳ
1843 940 1901 990 τῷ

185 1008 328 1067 πατρὶ,
350 1015 402 1068 τῇ
423 1027 470 1053 τι
494 1003 664 1068 Ᾰντονίᾳ
686 1015 738 1068 τῇ
769 1009 890 1068 μητρὶ
919 1006 1196 1069 ἱπποδρομίας
1225 1011 1262 1059 ὂς
1284 1010 1338 1052 τόι
1361 1010 1527 1079 γενέσια.Ι
1558 1005 1709 1054 ἔδωκα.

250 1091 565 1151 Neapolitano
594 1091 858 1135 certamine.
895 1092 1047 1147 Quem
1071 1091 1136 1136 ita
1164 1084 1387 1136 dcs'cribit
1411 1090 1593 1148 Strab.‚
1615 1105 1662 1148 v,
1684 1104 1735 1150 p.
1773 1104 1864 1148 17o
1888 1107 1900 1135 ε

185 1166 299 1231 Ᾰγὼν
325 1176 571 1226 συντελεῖται
601 1179 699 1232 παρ’
721 1165 958 1230 αὐτοῖς’(ὃο.
983 1166 1323 1230 Neapolitanis)
1349 1176 1533 1231 μοῦσικός
1556 1190 1602 1216 τι
1625 1172 1696 1216 καὶ
1717 1176 1904 1231 γυμνικὸς

186 1248 252 1292 ἐπὶ
275 1251 430 1300 πλείους
457 1252 627 1309 ἡμέρας,
651 1252 853 1308 ἐνάμιλλος
868 1253 950 1300 τοῖς
969 1252 1302 1309 ἔπιφοινεστοὶτοις
1324 1257 1402 1293 τῶν
1432 1250 1542 1294 κατὰ
1564 1250 1637 1298 τὴν
1667 1239 1851 1293 Ἐλλάδα..

251 1311 431 1375 Docuit.
465 1329 625 1376 Edidit
646 1330 746 1392 ipse
776 1347 862 1377 suo
887 1331 1035 1393 stylo,
1059 1331 1272 1392 discique
1296 1347 1321 1376 a
1345 1330 1538 1376 scenicis
1558 1328 1708 1388 jussit.

251 1407 466 1452 Rescidit.
498 1407 624 1467 Dio,
647 1423 731 1466 LX,
759 1423 806 1468 p.
833 1408 925 1466 667
962 1424 975 1453 2
1004 1416 1068 1459 Τὰ
1106 1417 1176 1474 μὲν
1208 1412 1264 1462 δὴ
1295 1410 1357 1458 οὗν
1393 1415 1473 1457 ὑπό
1506 1431 1551 1456 τε
1583 1411 1705 1456 Γαΐου
1734 1413 1804 1456 καὶ
1839 1416 1903 1473 ὑφ’

186 1489 326 1547 ἱτίρων
352 1487 407 1532 δι’
435 1493 576 1534 ἐκεῖνον
601 1493 669 1534 οὐκ
690 1493 805 1548 ὀρθῶς
828 1493 1023 1550 γενόμενοι
1047 1492 1249 1550 ἀνέτρεψε.

252 1572 361 1616 Cn».
387 1572 498 1618 XII.
530 1574 782 1634 Transegit.
811 1573 920 1619 Sine
941 1572 1135 1634 publica
1158 1572 1437 1617 festivitate:
1471 1570 1562 1616 illis
1587 1570 1710 1616 enim
1734 1571 1902 1620 diebus

184 1653 231 1692 et
261 1647 340 1707 jus
369 1646 490 1693 dixit
521 1657 566 1694 et
598 1657 810 1694 senatum
837 1648 1018 1694 habuit.
1051 1649 1120 1694 Cf.
1156 1650 1332 1705 D1ou.,
1355 1648 1437 1693 ub.
1462 1663 1594 1708 sup.,
1627 1663 1675 1709 p.
1700 1647 1823 1704 668,
1854 1656 1902 1695 et

183 1725 390 1781 Zozun„
418 1728 619 1781 Annal.,
648 1742 688 1771 11
709 1760 722 1784 ,
745 1741 793 1786 p.
825 1726 929 1772 182.

247 1803 589 1848 Procuratores.
614 1803 838 1863 Intelligit
863 1805 931 1850 Cl.
958 1805 1088 1848 Hase
1111 1818 1217 1848 cum
1239 1803 1420 1848 Ernest.
1446 1801 1505 1847 de
1519 1803 1900 1862 procuratoribus

180 1877 407 1938 principis
438 1878 521 1940 qui
549 1888 595 1925 et
617 1879 668 1924 in
696 1880 826 1926 Urbe
854 1879 972 1925 etin
995 1878 1253 1940 provinciis
1279 1886 1436 1934 erant3
1466 1893 1567 1924 non
1590 1878 1651 1924 de
1672 1878 1901 1940 praefectis

178 1954 434 2014 provinciis
468 1956 710 2014 Caesareis,
737 1957 822 2018 qui
844 1965 891 2002 et
913 1956 1003 2017 ipsi
1025 1967 1354 2018 procuratores
1384 1955 1674 2001 dicebantur.

242 2033 615 2094 Magis-tramam.
671 2034 819 2079 Intell.
883 2032 943 2080 de
984 2019 1312 2092 jurisdictione
1364 2031 1603 2079 ordinaria
1619 2066 1635 2091 ‚
1677 2042 1897 2078 mouente

178 2109 358 2155 Ernest.

245 2198 353 2243 Cu.
384 2198 522 2244 XIII.
546 2197 643 2243 Per
650 2198 925 2256 factionem.
951 2199 1009 2244 Η.
1037 2213 1076 2242 e.
1102 2197 1499 2258 conspirationem
1528 2196 1652 2242 Galli
1678 2197 1828 2244 Asinii
1851 2206 1900 2243 et

178 2274 347 2319 Statilii
369 2274 576 2320 Corvini.

248 2351 383 2396 Civili
405 2351 539 2396 bello.
567 2354 640 2398 Sc.
666 2350 979 2398 Scriboniani.

247 2429 414 2473 Gallus
439 2429 643 2473 Asinius.
668 2432 723 2474 A.
753 2431 813 2476 U.
840 2444 948 2489 799.

245 2505 583 2550 Scribonianus.
608 2508 664 2551 A.
691 2507 752 2552 U.
778 2506 888 2566 795.
921 2506 1058 2550 Hunc
1085 2504 1145 2550 ad
1178 2503 1492 2550 defectionem
1514 2505 1770 2565 pellexerat
1793 2509 1897 2552 An·

175 2581 281 2626 nius
307 2581 606 2640 Vinicianus,
635 2590 751 2628 teste
783 2582 925 2628 Dion.
942 2616 955 2639 ,
987 2598 1074 2640 Lx,
1099 2597 1146 2642 p.
1172 2581 1282 2639 674.

243 2657 503 2718 Oppressus
531 2669 612 2706 est.
642 2659 834 2705 Diversa
860 2659 919 2705 de
948 2659 1090 2718 hujus
1122 2659 1251 2704 exitu
1283 2667 1476 2702 narrant
1506 2659 1674 2717 Oros„
1706 2676 1809 2718 vu,
1836 2660 1866 2706 6
1883 2696 1896 2718 ,

111 2744 115 2749 '
174 2748 219 2783 et
243 2739 359 2795 Dio,
383 2738 463 2783 ub.
482 2753 583 2797 sup.

240 2829 348 2873 Cn.
380 2828 505 2872 XIV.
534 2827 795 2870 Prii-tinum.
820 2826 919 2882 Qui
941 2834 1094 2887 gestus
1118 2825 1268 2870 fuerat
1291 2827 1346 2870 A.
1372 2825 1430 2870 U.
1459 2838 1566 2886 790.

240 2907 366 2950 Duos
386 2904 577 2964 primos,
605 2902 813 2948 Priorem
851 2917 957 2948 cum
982 2904 1030 2948 C.
1057 2904 1235 2964 Largo,
1263 2904 1318 2946 A.
1353 2903 1411 2947 U.
1440 2901 1556 2962 7953
1581 2903 1892 2962 posteriorem

173 2997 279 3028 cum
301 2983 354 3027 L.
376 2980 589 3038 Vitellio,
614 2982 668 3026 A.
693 2981 751 3026 U.
783 2979 890 3041 796.

243 3059 503 3118 Sequentes.
530 3056 741 3102 Tertium
765 3072 870 3102 cum
906 3058 959 3101 L.
987 3057 1199 3113 Vitellio,
1226 3060 1279 3103 A.
1305 3060 1363 3104 U.
1390 3058 1512 3114 800;
1542 3066 1761 3118 quartum
1785 3071 1891 3101 cum

179 3131 311 3178 Serv.
334 3133 555 3179 Cornelio
589 3132 771 3189 Ortito,
811 3135 867 3179 A.
901 3135 958 3180 U.
995 3135 1103 3189 804.

241 3208 487 3267 Suffectus.
529 3209 616 3254 Cui
650 3209 872 3256 suffectus
916 3210 1085 3268 suerit,
1121 3226 1178 3256 eo
1217 3211 1371 3256 minus
1415 3218 1598 3255 constat
1616 3245 1628 3265 ,
1676 3225 1822 3269 quum
1868 3226 1891 3254 a

177 3283 312 3331 Dion.
337 3294 390 3331 ut
415 3284 679 3331 ordinarius
703 3287 865 3331 consul
896 3286 1180 3332 nominetur.
1204 3286 1470 3333 Probabilis
1493 3286 1679 3330 videtur
1695 3285 1893 3330 Ouden-

1607 3389 1690 3445 17.
