2372 3918
308 236 371 282 60
962 234 1011 281 C.
1046 235 1336 284 SUETONII

305 338 603 416 AEgyptum
642 339 782 417 petit
814 360 827 395 ε
863 339 1185 418 obsessaque
1218 338 1568 411 Alexandria,
1603 359 1713 416 quo
1747 338 2017 398 Antonius

305 457 431 493 cum
450 437 739 518 Cleopatra
755 439 1099 518 confugerat,
1119 441 1270 498 brevi
1287 441 1495 518 potitus
1511 452 1606 497 est.
1624 442 1696 498 Et
1711 439 2018 497 Antonium

305 536 557 614 quidem,
592 560 739 597 seras
772 539 1112 598 conditiones
1144 540 1292 619 pacis
1321 551 1651 611 tentantem,
1683 538 1752 595 ad
1786 551 2019 596 mortem

305 637 488 715 adegit
505 682 520 710 ,
553 638 800 717 viditque
838 651 1135 696 mortuum.
1154 626 1158 631 ’
1179 635 1512 718 Cleopatrae,
1546 661 1712 718 quam
1751 650 2020 696 servatam

306 740 589 818 triumpho
622 759 823 816 magno
857 758 1021 816 opere
1054 738 1339 816 cupiebat,
1381 740 1546 796 etiam
1584 739 1788 818 psyllos
1827 738 2019 795 admo-

305 840 420 910 vit,
470 840 565 916 qui
610 859 883 895 venenum
926 858 990 895 ac
1033 840 1182 895 virus
1229 850 1584 919 exsugerent;
1625 840 1774 918 quod
1818 840 2022 922 perisse

306 959 496 995 morsu
516 938 716 1017 aspidis
734 938 1047 1017 putabatur.
1064 939 1344 1000 Ambobus
1362 960 1711 998 communem
1728 938 2022 1018 sepulturae

305 1040 575 1096 honorem
603 1039 823 1112 tribuit,
852 1060 916 1096 ac
941 1039 1218 1098 tumulum
1242 1041 1311 1097 ab
1339 1041 1467 1119 ipsis
1490 1041 1810 1098 inchoatum
1837 1040 2021 1118 perfici

303 1140 480 1217 jussit'.
517 1141 818 1197 Antonium
847 1141 1136 1218 juvenem,
1172 1141 1436 1218 majorem
1475 1140 1543 1198 de
1582 1141 1798 1199 duobus
1829 1139 2023 1197 Fulvia

307 1240 527 1317 genitis,
557 1239 847 1298 simulacro
873 1245 946 1300 D.
975 1241 1132 1315 Julii,
1166 1240 1236 1299 ad
1261 1241 1413 1319 quod
1439 1253 1564 1319 post
1590 1239 1793 1298 multas
1818 1252 1874 1297 et
1898 1240 2023 1296 irri-

306 1352 390 1395 tas
423 1361 608 1416 preces
640 1341 987 1418 confugerat,
1021 1343 1312 1420 abreptum
1347 1342 1639 1399 interemit.
1676 1345 1814 1398 Item
1847 1344 2025 1399 Caesa-

306 1440 544 1512 rionem,
565 1461 727 1518 quem
749 1461 815 1497 ex
837 1445 1049 1499 Caesare
1065 1455 1220 1519 patre
1237 1441 1530 1519 Cleopatra
1553 1442 1866 1519 concepisse
1886 1461 2026 1518 prae-

306 1539 558 1612 dicabat,
603 1554 902 1598 retractum
948 1564 978 1599 e
1026 1542 1156 1621 fuga
1199 1541 1470 1620 supplicio
1517 1541 1716 1599 affecit.
1762 1539 2023 1620 Reliquos

307 1638 535 1697 Antonii
583 1642 895 1718 reginaeque
942 1663 1261 1699 communes
1314 1640 1512 1698 liberos
1530 1684 1545 1715 ,
1597 1663 1711 1698 non
1759 1663 1912 1698 secus
1961 1662 2026 1697 ac

312 1740 712 1797 necessitudine
740 1742 964 1818 junctos
998 1743 1132 1816 sibi,
1168 1754 1222 1799 et
1253 1744 1626 1816 conservavit,
1662 1755 1717 1799 et
1756 1764 1885 1799 mox
1925 1763 2027 1820 pro

311 1840 626 1897 conditione
655 1843 920 1919 cujusque
952 1844 1211 1900 sustinuit
1235 1865 1298 1900 ac
1325 1843 1476 1900 fovit.

384 1942 590 1999 XVIII.
620 1944 724 1998 Per
739 1942 884 1999 idem
902 1955 1144 2020 tempuS,
1161 1944 1533 2001 conditorium
1548 1957 1602 2001 et
1616 1965 1816 2021 corpus
1832 1944 2028 2022 Magni

308 2039 633 2115 Alexandri,
654 2063 828 2116 quum
851 2043 1126 2121 prolatum
1147 2066 1176 2100 e
1199 2026 1464 2121 penetrali
1488 2045 1803 2123 subjecisset
1826 2043 2027 2118 oculis,

266 2173 269 2175 ·
308 2161 512 2197 corona
535 2162 699 2200 aurea
722 2144 979 2219 imposita
1001 2165 1063 2200 ac
1091 2142 1318 2201 floribus
1339 2145 1593 2221 aspersiS,
1614 2157 1903 2201 veneratus
1923 2156 2029 2217 est3

309 2240 725 2320 consultusque,
751 2264 885 2299 num
910 2256 965 2300 et
989 2243 1345 2300 Ptolemaeum
1375 2245 1643 2322 inspicere
1670 2243 1864 2317 vellet,
1889 2249 2031 2302 «Re-

310 2362 432 2419 gem
461 2363 517 2398 se
549 2342 830 2399 voluisse»
861 2344 937 2400 ait
966 2343 1230 2416 «videre,
1248 2366 1362 2400 non
1394 2355 1658 2401 mortuos,
1675 2369 1702 2397 >2
1731 2347 2029 2422 AEgyptum

309 2462 367 2496 m
406 2442 701 2518 provinciae
737 2442 972 2499 formam
1015 2443 1292 2500 redactam
1330 2456 1408 2499 ut>
1434 2443 1752 2500 feraciorem
1796 2443 2030 2500 habilio-

310 2561 538 2617 remque
561 2561 799 2598 annonae
825 2543 1025 2597 urbicae
1052 2542 1334 2615 redderet,
1368 2542 1538 2599 fossas
1561 2564 1779 2614 omnes,
1807 2544 1865 2599 in
1892 2565 2029 2621 quas

309 2640 474 2698 Nilus
502 2653 786 2715 exaestuat,
814 2641 1098 2697 oblimatas
1128 2640 1293 2719 longa
1318 2654 1588 2699 vetustate
1613 2642 1836 2699 militari
1865 2664 2029 2721 opere

310 2739 555 2797 detersit.
591 2743 830 2819 Quoque
864 2743 1098 2799 Actiacae
1131 2744 1370 2799 victoriae
1404 2745 1669 2800 memoria
1702 2742 2029 2800 celebratior

310 2839 367 2895 in
397 2852 678 2917 posterum
711 2854 878 2912 esset,
909 2843 1101 2898 urbem
1137 2842 1436 2921 Nicopolin
1467 2843 1615 2922 apud
1646 2845 1869 2902 Actium
1897 2865 2027 2900 con-

311 2939 453 2995 didit
485 2961 497 2995 :
534 2939 802 3018 ludosque
843 2940 955 2998 illic
989 2941 1422 3019 quinquennales
1465 2945 1782 3018 constituit3
1820 2956 1875 3000 et
1911 2964 2025 2999 am-

311 3037 484 3115 pliato
519 3053 702 3096 vetere
734 3040 1007 3119 Apollinis
1040 3041 1277 3119 templo,
1316 3040 1500 3098 locum
1537 3055 1871 3116 castrorum,
1904 3043 2026 3120 qui-

311 3138 414 3195 bus
444 3139 623 3196 fuerat
651 3160 807 3215 usus,
842 3154 1167 3198 exornatum
1203 3140 1486 3199 navalibus
1519 3142 1729 3222 spoliiS,
1763 3144 2025 3220 Neptuno

314 3258 377 3292 ac
404 3239 572 3294 Marti
602 3242 956 3297 consecravit.
