2372 3918
388 344 480 373 αι’).
1161 329 1352 375 NOTAE

451 426 610 469 Discit.
635 426 753 470 Rem
779 424 844 470 ita
874 433 1032 469 narrat
1060 423 1160 469 Liv.
1177 460 1189 482 ,
1214 427 1367 486 Epit„
1397 442 1492 470 xlx.

451 501 654 546 Plebeio.
674 501 782 547 Scil.
808 503 858 547 P.
886 500 1100 546 Fonteio.

452 580 641 625 M'nori.
669 578 765 626 Cic.
783 595 876 640 pro
899 581 1080 635 Domo,
1108 595 1192 624 xiv
1220 596 1229 623 τ
1257 600 1275 620 «
1297 580 1467 626 Factus
1491 595 1539 626 es
1564 581 1667 640 ejus
1689 578 1816 626 filius
1840 589 2009 627 contra
2032 582 2129 642 fas,

382 655 518 715 cujus
550 671 637 716 per
669 665 851 702 aetatem
875 664 1012 716 pater
1035 672 1133 702 csse
1151 656 1366 717 potuisti.
1387 676 1413 698 n

451 734 676 794 Fratrem.
709 732 804 778 Cic.
837 749 931 794 pro
969 732 1138 789 Coelio,
1171 749 1271 791 xw,
1297 741 1346 778 et
1382 734 1485 779 Val.
1515 734 1669 790 Max,
1692 748 1739 791 v,
1774 739 1828 791 4,
1857 733 1914 792 6,
1940 745 2128 794 patrem

382 807 562 856 dicunt.
596 810 783 856 Erravit
820 827 934 873 ergo
969 812 1158 863 Noster,
1198 813 1272 856 vel
1313 811 1430 856 alios
1465 820 1683 856 auctores
1713 819 1901 856 secutus
1934 820 2028 868 est,
2053 813 2130 857 vel

379 889 482 938 h.,1.
509 888 691 935 librarii
727 891 867 950 culpa
902 890 1085 947 subest,
1123 897 1178 933 ut
1210 889 1472 934 arbitratur
1503 887 1724 950 Pighius,
1753 890 1931 933 Annal.
1950 921 1980 943 „
2001 897 2034 933 t.
2059 905 2128 946 11,

378 982 425 1026 P·
459 968 566 1026 473.

448 1045 556 1090 cip,
584 1046 672 1090 111.
702 1047 813 1092 Avo.
839 1043 946 1089 Scil.
974 1045 1028 1088 L.
1054 1043 1157 1091 Liv.
1192 1044 1355 1089 Druso
1381 1043 1660 1089 Claudiano.

443 1124 693 1171 Salinator.
718 1122 859 1169 Unde
886 1137 1153 1184 cognomen
1184 1120 1304 1166 illud
1325 1120 1509 1166 venerit
1533 1120 1676 1167 docet
1704 1121 1833 1180 Lim,
1868 1138 2018 1182 xxix,
2047 1122 2126 1180 37.

377 1219 397 1239 ει
412 1198 626 1261 Vectigal
661 1199 799 1244 etiam
823 1214 1003 1244 novum
1030 1214 1090 1244 ex
1113 1198 1279 1244 salaria
1303 1213 1492 1243 annona
1517 1206 1830 1244 statuerunt...
1860 1199 1977 1245 Inde
1999 1200 2126 1246 Sali—

374 1277 531 1321 natori
555 1277 692 1322 Livio
715 1276 921 1322 inditum
946 1291 1226 1338 cognomen.
1870 1270 1873 1273 ¹

448 1354 857 1400 Conclemnassenc.
885 1356 1084 1400 Causam
1117 1352 1259 1399 docet
1288 1354 1506 1400 Frontin.
1523 1390 1536 1413 ,
1571 1369 1639 1410 Π,
1673 1369 1692 1397 1
1715 1389 1728 1411 ‚
1758 1361 1816 1412 47
1845 1371 1856 1400 ε
1893 1355 1998 1399 «Μ.
2034 1355 2125 1400 Sa-

373 1432 550 1476 linator
589 1432 851 1477 consularis
884 1432 1138 1477 damnatus
1163 1440 1231 1476 est
1275 1446 1301 1476 a
1339 1432 1553 1492 populo,
1594 1430 1730 1492 quod
1770 1431 1981 1492 praedam
2023 1447 2126 1477 non

373 1509 618 1569 aequaliter
642 1508 865 1554 diviserat
885 1508 1130 1558 militibus.
1149 1527 1168 1550 »

431 1588 755 1647 ‘Proproetore.
781 1587 935 1631 Intell.
957 1603 966 1629 :
986 1601 1127 1646 quum
1142 1594 1422 1645 proproetor
1441 1593 1592 1637 esset,
1621 1600 1727 1644 quae
1750 1584 1905 1630 forma
1930 1584 2127 1630 ablativi

370 1679 463 1724 pro
502 1664 798 1710 nominativo
838 1664 1116 1725 frequenter
1152 1672 1221 1709 est
1254 1663 1426 1708 usitata
1460 1663 1592 1723 apud
1632 1663 1877 1712 Nostrum.
1916 1663 1986 1709 Cf.
2026 1664 2126 1707 Ne-

371 1757 466 1786 mn.
481 1776 496 1797 ‚
525 1758 600 1787 x1..
1460 1749 1462 1753 ’

438 1820 709 1881 Abnepos...
746 1820 949 1881 reliquit.
990 1822 1057 1865 M.
1094 1819 1258 1865 Livius
1291 1820 1503 1876 Drusus,
1537 1820 1592 1864 T.
1627 1819 1830 1863 Gracchi
1870 1817 1921 1862 in
1961 1816 2121 1862 tribu-

371 1906 487 1943 natu
510 1899 719 1960 collega,
759 1899 820 1944 de
860 1914 960 1959 quo
989 1899 1252 1956 Plutarch„
1275 1897 1325 1942 in
1353 1897 1555 1943 Gracch.
1575 1931 1589 1951 ,
1616 1912 1666 1956 p.
1701 1895 1839 1941 838:
1871 1907 1928 1944 Ην
1956 1902 2034 1959 γὰρ
2074 1919 2125 1951 εις

370 1981 439 2026 καὶ
482 1987 553 2025 τοῦ
590 1982 714 2026 Γαίου
744 1985 1021 2041 συναρχόντων
1049 1980 1188 2031 Αίὲιος
1213 1987 1401 2039 Δροῦσος,
1435 1982 1532 2038 ἀνὴρ
1566 1982 1658 2034 οὔτε
1692 1981 1865 2038 γεγονώς
1901 1996 2008 2027 τινος
2036 1984 2122 2021 Ρω-

372 2060 526 2117 μαίων,
564 2062 655 2103 οὔτε
683 2062 959 2119 τεθραμμένος
985 2078 1049 2116 χει
1034 2062 1130 2118 ’.”’ρον
1153 2056 1236 2108 ἤδη
1277 2056 1328 2102 δὲ
1352 2058 1423 2102 καὶ
1445 2060 1577 2117 λόγῳ,
1594 2057 1664 2101 καὶ
1686 2060 1850 2124 πλούτῳ
1876 2059 1915 2100 ἐν
1946 2059 2030 2107 τοῖς
2044 2059 2122 2115 μοί-

369 2143 494 2180 λιστα
520 2139 764 2195 τιμωμένοις
794 2155 864 2180 και
897 2133 1136 2195 δυναμένοις
1163 2137 1246 2179 ἀπὸ
1278 2137 1430 2179 τούτων
1460 2137 1681 2192 ἐνάμιλλος.

438 2208 546 2252 Cn
574 2209 656 2252 IV.
697 2209 1003 2268 Proepo.sz'.tus
1039 2210 1226 2252 Auctor
1259 2209 1384 2252 Bell.
1425 2206 1705 2259 Alexand„
1735 2220 1832 2248 xxv
1870 2219 1881 2248 :
1923 2222 1944 2245 «
1970 2205 2123 2249 Caesar

371 2286 560 2330 classem
578 2284 718 2344 jubet
744 2284 960 2345 expedi1i
991 2292 1134 2353 atque
1157 2284 1368 2329 instrui.
1394 2282 1593 2344 praeficit
1613 2282 1726 2328 huic
1749 2280 1995 2328 Tiberium
2015 2282 2118 2327 Ne·-

370 2378 551 2408 ronem.
573 2382 591 2403 »

446 2438 660 2484 Contulit.
687 2440 810 2498 Dio,
834 2456 937 2487 XLII
954 2438 1040 2500 ,÷†p.
1080 2444 1172 2493 204
1201 2455 1212 2483 :
1235 2434 1350 2489 ὁστε
1376 2443 1446 2488 καὶ
1474 2445 1565 2494 τοὺς
1595 2446 1754 2495 λοιποὺς
1785 2446 1932 2503 μηκέτι
1963 2446 2117 2501 τολμᾷν

369 2525 744 2582 παρακομίζεσθαι,
769 2526 906 2582 μέχρις
928 2518 970 2567 οὗ
1001 2521 1180 2581 Τιῧέριος
1211 2519 1417 2572 Κλαύδιος
1440 2523 1459 2565 ὁ
1482 2523 1620 2580 Νέρων
1640 2523 1676 2572 ἐς
1699 2523 1819 2565 αὐτὸν
1847 2523 1944 2564 τότε
1958 2522 2025 2563 τὸν
2042 2537 2116 2562 πο·

369 2602 498 2658 ταμὸν
526 2602 807 2655 ἀναπλεύσας,
846 2603 1014 2651 ἐκείνους
1043 2619 1089 2645 τε
1115 2603 1229 2660 μάχῃ
1249 2602 1447 2660 ἐκράτησε
1466 2634 1476 2652 ,
1506 2598 1574 2643 καὶ
1595 2602 1677 2648 τοῖς
1701 2601 1901 2657 σφετέροις
1929 2595 2122 2641 ἀδεέστε-

368 2694 430 2734 ρον
455 2680 521 2721 τὸν
546 2680 775 2736 πρόσπλουν
809 2679 987 2725 ἐποίησε.
1717 2718 1720 2721 .

437 2750 813 2795 Decementibus.
842 2750 974 2795 Inter
1007 2765 1131 2810 quos
1157 2750 1251 2797 Cic.
1271 2784 1285 2807 ,
1317 2749 1456 2809 cujus
1480 2748 1748 2793 orationem
1769 2763 1866 2809 qua
1883 2754 2115 2812 ἀμνηστίαν

370 2827 513 2872 suasit
535 2827 750 2873 meminit
778 2826 901 2887 Dio,
927 2829 1058 2886 xu'v,
1081 2844 1129 2888 p.
1162 2825 1402 2875 250-256.

436 2905 716 2968 Insignibus.
742 2907 800 2950 H.
829 2921 868 2951 e.
895 2904 1113 2951 fascibus.

440 2984 519 3029 Ad
531 2984 724 3044 pileum.
754 2985 907 3030 Intell.
933 2984 995 3029 ad
1017 2983 1309 3040 libertatem;
1340 2983 1464 3029 servi
1489 2982 1613 3027 enim
1627 3017 1640 3039 ‚
1665 2997 1814 3042 quum
1836 2995 1923 3040 per
1945 2994 2117 3023 manu-

369 3060 639 3106 missionem
662 3059 801 3105 liberi
838 3059 1005 3106 fierent
1021 3097 1032 3119 ‚
1068 3062 1250 3121 pileum
1283 3060 1438 3121 capite
1462 3060 1679 3105 solebant
1703 3059 1966 3117 imponere.
1998 3054 2115 3100 Inde

368 3139 545 3198 pileum
561 3153 651 3198 pro
675 3138 907 3184 libertate.
926 3141 1089 3184 Scnec.
1103 3174 1115 3197 ‚
1133 3139 1271 3199 epist.
1290 3154 1431 3182 xnvu
1450 3154 1460 3181 ε
1488 3157 1507 3178 «
1525 3136 1664 3188 Dicet
1678 3151 1807 3181 nunc
1832 3132 2027 3194 aliquis,
2043 3145 2118 3175 me

370 3230 540 3260 vocare
572 3214 634 3260 ad
666 3215 845 3275 pileum
869 3231 1053 3273 servos,
1073 3235 1091 3255 »
1118 3224 1165 3261 et
1189 3215 1392 3280 Martial.
1408 3251 1422 3270 ‚
1447 3230 1515 3271 11,
1554 3213 1614 3268 48
1629 3247 1643 3270 ,
1679 3218 1704 3266 4
1737 3229 1747 3256 :

549 3371 656 3412 Totis
681 3370 784 3426 pilea
804 3370 967 3412 sarcinis
990 3370 1154 3411 redemi.
