2372 3918
454 266 515 310 38
1130 267 1180 310 C.
1219 264 1514 310 SUETONII

457 391 626 448 gnum
681 368 948 426 indicium
996 368 1303 447 splendoris
1352 368 1571 424 familiae
1621 381 1676 424 et
1719 371 2019 425 vetustatis.
2057 372 2184 427 Non

459 472 802 549 negaverim,
835 472 1103 548 jactatum
1138 489 1169 524 a
1203 466 1563 545 quibusdam,
1611 459 1864 525 Petronis
1900 482 2114 547 patrem
2159 491 2188 525 e

455 572 683 649 regione
729 570 1099 649 transpadana
1139 569 1304 626 fuisse
1343 570 1649 647 mancipem
1701 590 2030 646 operarum,
2068 592 2191 647 quae

457 693 522 728 ex
555 673 788 730 Umbria
811 674 868 727 in
900 671 1133 728 Sabinos
1175 669 1245 727 ad
1274 669 1548 728 culturam
1599 691 1859 748 agrorum
1890 672 2191 747 quotannis

455 794 768 829 commeare
797 771 1040 844 soleant;
1069 770 1373 829 subsedisse
1409 784 1592 828 autem
1617 771 1674 827 in
1704 770 1913 849 oppido
1949 772 2193 844 reatino,

454 894 629 930 uxore
656 871 862 929 ibidem
893 871 1076 928 ducta.
1105 874 1231 950 Ipse
1262 892 1331 928 ne
1357 869 1649 950 &estigium
1682 871 1908 949 quidem
1938 871 2007 927 de
2045 871 2153 928 hoc
2174 915 2190 944 ,

453 973 706 1051 quamvis
740 973 872 1029 satis
901 972 1120 1028 curiose
1152 972 1515 1048 inquirerem,
1550 972 1755 1028 inveni.

533 1077 606 1131 ΙΙ.
637 1076 1014 1152 Vespasianus
1047 1086 1205 1129 natus
1233 1086 1315 1130 est
1346 1074 1403 1129 in
1425 1075 1642 1130 Sabinis
1670 1073 1816 1130 ultra
1840 1078 2043 1148 Reate,
2069 1075 2193 1132 vico

451 1175 696 1246 modicO,
725 1176 815 1231 cui
841 1195 1043 1230 nomen
1071 1186 1154 1230 est
1179 1167 1537 1248 Phalacrine,
1558 1174 1980 1252 quintodecimo
1999 1175 2188 1233 kalen-

455 1276 553 1332 das
579 1276 910 1346 decembriS,
942 1275 1184 1352 vesperi,
1214 1276 1285 1348 Q.
1319 1273 1568 1352 Sulpicio
1598 1276 1921 1348 Camerin0,
1956 1280 2018 1335 C.
2049 1280 2195 1354 Pop-

452 1397 572 1454 paeo
603 1377 810 1433 Sabino
831 1419 846 1447 ,
875 1373 1227 1447 'consulibuffi
1262 1376 1646 1452 quinquennio
1690 1388 1843 1448 ante,
1872 1397 2042 1453 quam
2077 1379 2193 1433 Au-

454 1489 648 1556 gustus
676 1476 960 1533 excederet
1002 1498 1014 1531 :
1053 1475 1319 1532 educatus
1350 1475 1454 1531 sub
1482 1487 1710 1552 paterna
1750 1477 1876 1532 avia
1912 1475 2159 1533 Tertulla
2178 1520 2194 1550 ,

450 1579 508 1634 in
540 1577 758 1655 praediis
786 1577 1021 1633 cosanis.
1053 1578 1246 1650 Quare
1279 1577 1533 1654 princeps
1565 1597 1789 1654 quoque
1821 1589 1877 1633 et
1901 1575 2085 1633 locum
2113 1579 2198 1633 in-

453 1678 856 1735 cunabulorum
890 1677 1110 1734 assidue
1144 1678 1548 1755 frequentavit,
1589 1690 1851 1735 manente
1876 1677 2034 1752 villa,
2062 1700 2197 1756 qua-

452 1778 522 1835 lis
549 1779 730 1836 fuerat
764 1778 923 1850 olim,
968 1800 1040 1835 ne
1074 1778 1206 1856 quid
1245 1777 1452 1835 scilicet
1480 1778 1774 1836 oculorum
1807 1779 2196 1836 consuetudini

453 1879 730 1957 deperiret
768 1903 780 1936 :
817 1893 872 1936 et
914 1882 1050 1936 aviae
1092 1880 1418 1935 memoriam
1468 1892 1624 1936 tanto
1671 1901 1839 1958 opere
1871 1879 2096 1954 dilexit,
2130 1895 2193 1937 ut

375 1953 406 2056 ἐξ
455 1980 817 2037 sollemnibus
860 2002 923 2036 ac
952 1979 1105 2036 festis
1136 1980 1332 2036 diebus
1363 1979 1565 2057 pocillo
1597 2001 1821 2058 quoque
1847 1981 1966 2058 ejus
1991 2003 2191 2060 argen-

452 2095 545 2137 teo
578 2094 771 2159 potare
806 2081 1254 2158 perseveraverit.
1291 2083 1484 2138 Sumta
1513 2080 1657 2137 virili
1683 2093 1844 2160 toga,
1880 2081 2055 2138 latum
2082 2081 2195 2139 cla-

450 2203 609 2254 vum,
641 2202 978 2265 quamquam
1004 2165 1176 2241 fratre
1213 2181 1416 2259 adepto
1436 2225 1451 2254 ,
1483 2181 1579 2237 diu
1609 2194 1894 2238 aversatus
1921 2195 2026 2254 est3
2061 2203 2197 2253 nee,

448 2296 512 2340 ut
544 2283 767 2340 tandem
793 2294 1078 2360 appeteret
1096 2326 1112 2351 ‚
1142 2280 1426 2360 compelli,
1462 2283 1570 2339 nisi
1599 2303 1630 2338 a
1659 2295 1860 2353 matre,
1889 2285 2087 2361 potuit.
2118 2287 2196 2340 Ea

450 2384 671 2440 demum
696 2383 913 2439 extudit
932 2427 948 2456 ,
980 2385 1158 2461 magis
1191 2383 1478 2455 conviciO,
1504 2404 1670 2460 quam
1705 2383 1963 2461 precibus
1996 2383 2082 2439 vel
2107 2404 2198 2440 au-

410 2495 412 2497 ’
447 2486 736 2557 ctoritate,
762 2485 895 2541 dum
928 2504 1055 2541 eum
1083 2483 1385 2540 identidem
1406 2504 1504 2562 per
1528 2483 1923 2541 contumeliam
1949 2497 2196 2541 anteam-

449 2582 714 2642 bulonem
750 2585 937 2641 fratris
979 2583 1243 2662 appellat.
1279 2585 1565 2640 Tribunus
1597 2585 1840 2642 militum
1873 2585 1930 2641 in
1959 2586 2197 2641 Thracia

451 2687 672 2742 meruit.
705 2688 967 2759 Quaestor
1007 2688 1235 2743 Cretam
1280 2697 1335 2740 et
1381 2687 1628 2763 Cyrenas
1665 2687 2010 2762 provinciam
2052 2698 2198 2742 sorte

450 2787 613 2864 cepit.
644 2784 942 2843 AEdilitatis
971 2806 1034 2842 ac
1079 2806 1207 2841 mox
1240 2786 1871 2863 praeturae'candidatus,
1905 2786 2056 2843 illam
2082 2807 2194 2842 non

451 2887 570 2942 sine
598 2885 822 2965 repulsa
853 2899 1117 2964 sextoque
1150 2886 1274 2943 loco
1303 2888 1393 2943 vix
1425 2887 1659 2965 adeptus
1689 2899 1772 2943 est
1800 2909 1812 2943 :
1840 2889 1986 2944 hanc
2019 2887 2195 2964 prima

454 2987 642 3043 statim
673 2989 971 3064 petitione,
1006 3000 1060 3044 et
1088 2989 1146 3044 in
1178 2982 1387 3064 primis,
1419 2990 1648 3058 Praetor,
1675 2988 1951 3045 infensum
1983 2987 2196 3043 senatui

454 3088 655 3143 Caium
693 3096 762 3143 n'e
794 3109 906 3164 quo
943 3109 1051 3144 non
1085 3108 1287 3166 genere
1322 3087 1716 3157 demereretur,
1753 3087 1912 3144 ludos
1942 3071 2197 3143 'extraor-

455 3185 703 3243 dinarios
734 3208 837 3265 pro
869 3189 1098 3244 victoria
1129 3188 1249 3263 ejus
1275 3191 1591 3264 germanica
1615 3189 1969 3266 depoposcit,
2006 3207 2198 3263 poenae-

460 3307 569 3361 que
603 3287 1027 3363 conjuratorum
1056 3287 1370 3343 addendum
1405 3291 1651 3360 censuit,
1690 3301 1751 3344 ut
1777 3285 2033 3362 insepulti
2068 3304 2195 3364 pro*-
