2372 3918
361 276 451 321 226
1029 274 1076 319 C.
1113 274 1401 319 sUETONn

361 382 424 436 de
468 380 743 435 fabrorum
789 399 1007 455 quoque
1051 398 1111 432 ac
1159 377 1559 440 ministrorum,
1604 386 1767 450 atque
1808 374 1861 429 id
1897 396 2062 450 genus

362 500 616 545 numer0,
644 482 686 534 si
719 490 1090 544 automatum,
1134 477 1215 533 vel
1245 497 1461 554 pegma,
1497 475 1577 532 vel
1611 475 1743 552 quid
1776 474 1884 531 tale
1915 475 2063 532 aliud

359 601 555 656 parum
589 579 845 635 cessisset.
878 576 1115 653 Induxit.
1139 589 1192 632 et
1226 597 1395 632 unum
1431 598 1495 632 ex
1533 574 2065 632 nomenculatoribus

358 682 492 751 suiS‚
523 680 663 736 sicut
682 691 799 734 erat
826 690 1060 754 togatuS.

437 783 671 836 XXXV.
722 778 826 834 Sed
868 775 1003 836 nihil
1047 798 1199 854 aeque
1244 798 1405 853 quam
1450 777 1673 834 timidus
1712 797 1775 832 ac
1815 776 2066 833 diffidens

364 879 483 934 fuit.
534 878 730 934 Primis
779 878 992 954 imperii
1038 876 1257 949 diebus,
1299 898 1656 954 quamquam,
1700 890 1759 932 ut
1799 876 2065 945 diximus,

353 979 589 1054 jactator
618 977 925 1047 civi-litatis,
967 997 1142 1054 neque
1178 978 1429 1034 convivia
1459 978 1596 1033 inire
1626 998 1789 1033 ausus
1819 990 1924 1048 est,
1965 978 2066 1032 nisi

359 1090 420 1133 ut
461 1076 828 1155 speculatores
864 1097 989 1132 cum
1035 1075 1238 1132 lanceis
1274 1077 1713 1146 circumstarent,
1760 1076 2067 1152 militesque

359 1178 474 1233 vice
499 1178 876 1234 ministrorum
901 1175 1284 1254 fungerentur:
1314 1197 1490 1253 neque
1508 1197 1714 1254 aegrum
1736 1198 2064 1253 quemquam

313 1277 621 1348 .'visitavit,
667 1278 769 1332 nisi
814 1275 1094 1352 explorato
1140 1277 1293 1352 prius
1336 1275 1616 1346 cubiculo,
1660 1275 1979 1352 culcitisque
2014 1290 2070 1332 et

357 1375 612 1453 stragulis
644 1377 981 1452 praetentatis.
999 1388 1054 1431 et
1078 1377 1313 1431 excussis
1340 1397 1353 1430 ε
1383 1375 1597 1451 reliquo
1621 1387 1803 1430 autem
1829 1388 2070 1452 tempore

358 1474 748 1531 salutatoribus
791 1487 1121 1531 scrutatores
1168 1495 1379 1551 semper
1428 1467 1706 1551 apposuit,
1761 1486 1814 1530 et
1851 1475 2070 1550 quidem

359 1572 641 1645 omnibus,
673 1587 727 1630 et
754 1576 1145 1631 acerbissimos,
1182 1576 1316 1630 Sero
1346 1574 1493 1630 enim
1522 1595 1585 1629 ac
1615 1575 1707 1629 vix
1739 1576 1973 1647 remisit,
2003 1597 2072 1631 ne

358 1674 571 1731 feminae
602 1675 1014 1751 praetextatique
1059 1675 1215 1751 pueri
1259 1686 1314 1730 et
1350 1672 1544 1750 puellae
1578 1686 2072 1746 contrectarentur,

360 1787 414 1834 et
444 1796 512 1830 ne
537 1776 693 1851 cujus
712 1776 898 1831 comiti
928 1787 1024 1830 aut
1047 1773 1271 1830 librario
1301 1759 1602 1830 calamariae
1630 1787 1726 1830 aut
1751 1775 2074 1852 graphiariae

359 1874 529 1930 thecae
557 1873 946 1930 adimerentur.
990 1877 1152 1931 Motu
1197 1872 1371 1946 civili,
1417 1895 1587 1950 quum
1622 1895 1744 1930 eum
1778 1874 2071 1947 CamilluS‚

360 1995 472 2030 non
500 1975 756 2030 dubitans
778 1975 942 2030 etiam
967 1975 1113 2030 circa
1137 1973 1343 2030 bellum
1365 1995 1523 2051 posse
1550 1975 1769 2046 terreri,
1791 1987 2071 2031 contume-

358 2072 493 2129 liosa
531 2085 586 2129 et
636 2074 833 2129 minaci
887 2085 940 2129 et
989 2074 1298 2130 contumaci
1336 2072 1567 2150 epistola
1610 2074 1801 2130 cedere
1844 2076 2073 2151 imperio

355 2174 598 2249 juberet,
631 2175 911 2250 vitamque
942 2174 1172 2230 otiosam
1207 2174 1263 2229 in
1295 2175 1511 2250 privata
1539 2195 1601 2230 re
1631 2195 1822 2252 agere3
1857 2174 2075 2231 dubita-

361 2273 461 2344 vit,
495 2273 753 2330 adhibitis
782 2274 1125 2351 principibus
1161 2275 1317 2345 viris,
1355 2295 1425 2330 an
1455 2275 1871 2353 obtemperaret.

440 2376 701 2430 XXXVI.
738 2373 1018 2445 Quasdam
1051 2373 1272 2430 insidias
1303 2387 1504 2432 temere
1532 2373 1735 2430 delatas
1759 2361 1894 2431 adeo
1918 2395 2074 2452 expa-

364 2473 463 2544 vit,
493 2486 555 2529 ut
576 2473 850 2551 deponere
871 2475 1163 2552 imperium
1188 2475 1494 2529 tentaverit.
1519 2473 1795 2546 Quodam,
1824 2486 1886 2531 ut
1909 2496 2072 2551 supra

362 2571 547 2644 retuli,
597 2594 724 2628 cum
781 2573 924 2628 ferro
971 2574 1115 2628 circa
1159 2572 1552 2629 sacrificantem
1596 2593 1653 2629 se
1699 2573 2073 2651 deprehens0,

362 2685 608 2728 senatum
641 2693 739 2750 per
762 2693 1035 2749 praecones
1067 2693 1299 2749 propere
1330 2675 1677 2744 convocavit,
1711 2673 2073 2752 lacrymisque

362 2784 417 2829 et
455 2771 845 2828 vociferatione
887 2774 1179 2829 miseratus
1228 2785 1310 2828 est
1351 2773 1718 2830 conditionem
1764 2796 1943 2846 suam,
1985 2776 2072 2831 cui

346 2870 499 2927 'nihil
533 2874 637 2928 tuti
667 2893 898 2949 usquam
926 2884 1096 2943 esset;
1134 2893 1197 2929 ac
1229 2874 1321 2929 diu
1351 2872 1572 2949 publico
1602 2875 1880 2931 abstinuit.
1929 2877 2073 2931 Mes-

363 2970 547 3027 salinae
578 2993 799 3048 quoque
831 2993 1075 3029 amorem
1104 2972 1608 3050 flagrantissimum,
1644 2996 1755 3030 non
1786 2988 1898 3030 tam
1928 2973 2070 3029 indi-

364 3073 572 3149 gnitate
616 3073 1105 3145 contumeliarum,
1147 3093 1311 3149 quam
1361 3074 1589 3150 periculi
1628 3087 1808 3143 metu,
1841 3074 2068 3151 abjecit,

365 3193 538 3248 quum
572 3171 822 3230 adultero
850 3173 980 3230 Silio
1014 3173 1223 3249 acquiri
1255 3174 1544 3252 imperium
1573 3174 1922 3230 credidisset:
1958 3195 2069 3249 quo

367 3283 611 3348 tempore
640 3273 841 3328 foedum
873 3274 929 3328 in
963 3273 1186 3329 modum
1220 3274 1458 3350 trepidus
1490 3274 1559 3330 ad
1591 3285 1764 3330 castra
1795 3272 2068 3351 confugit,

2338 1684 2342 1691 .
2331 1581 2346 1669 “w-
2328 1528 2349 1565 «ᾖ,
2332 1419 2347 1507 «,,,,,.,
2335 1383 2342 1397 .,
