2372 3918
375 343 401 372 2
416 343 467 373 12
1050 329 1097 371 C.
1130 329 1421 374 SUETONII

377 431 659 509 propalam
708 431 1007 489 contemtui
1056 445 1210 489 esset.
1257 437 1536 489 Excusans
1590 432 1814 508 quidam
1844 440 2089 506 testem,

376 555 407 589 e
442 534 725 609 provincia
758 534 827 588 ab
861 554 925 588 eo
956 544 1244 603 vocatum,
1287 536 1503 611 negavit
1537 546 1732 611 praesto
1762 555 1875 589 esse
1906 555 2091 610 posse,

377 631 716 689 dissimulata
762 633 855 688 diu
891 653 1081 703 causa;
1127 653 1191 689 ac
1224 648 1345 710 post
1376 633 1564 712 longas
1604 634 1823 690 demum
1863 635 2095 691 interro-

380 736 654 811 gationes,
685 735 989 790 «Mortuus
1028 745 1182 805 est,»
1214 735 1426 811 inquit:
1461 746 1659 811 «put0,
1690 734 1862 791 licuit.
1883 759 1910 787 2>
1942 735 2096 792 Alius

387 836 588 912 gratias
638 855 829 912 agenS,
875 834 1026 910 quod
1066 854 1218 890 reum
1262 835 1475 891 defendi
1517 847 1822 913 pateretur,
1866 834 2095 912 adjecit:

382 958 408 986 «
423 937 495 990 Et
523 946 708 989 tamen
744 934 861 990 fieri
907 933 1106 990 solet.»
1144 933 1288 990 Illud
1314 956 1534 1012 quoque
1569 956 1601 991 a
1637 936 1934 1012 majoribus
1966 948 2100 992 natu

383 1033 668 1090 audiebam
689 1078 704 1106 ,
737 1034 873 1090 adeo
907 1035 1208 1092 causidicos
1248 1037 1511 1112 patientia
1552 1037 1668 1113 ejus
1697 1035 1885 1093 solitos
1916 1037 2101 1106 abuti,

384 1147 445 1191 ut
468 1134 889 1192 descendentem
918 1157 948 1192 e
977 1136 1238 1193 tribunali
1263 1159 1371 1194 non
1399 1137 1578 1194 solum
1599 1159 1733 1194 voce
1755 1150 2103 1208 revocarent,

386 1236 480 1292 sed
515 1249 568 1293 et
593 1236 792 1293 lacinia
821 1249 961 1315 togae
991 1250 1229 1310 retenta,
1259 1238 1537 1296 interdum
1568 1238 1704 1315 pede
1735 1239 2104 1315 apprehenSO,

388 1335 712 1393 detinerent.
743 1340 823 1394 Ac
854 1358 923 1393 ne
962 1339 1050 1394 cui
1084 1339 1201 1393 haec
1234 1339 1373 1394 mira
1406 1339 1542 1406 sint,
1575 1338 1837 1415 litigatori
1870 1338 2107 1416 graeculo

390 1458 498 1492 vox
527 1437 584 1492 in
616 1436 970 1493 altercatione
1002 1438 1202 1494 excidit
1228 1460 1239 1493 τ
1267 1441 1380 1495 Καὶ
1410 1436 1474 1495 σύ
1500 1432 1661 1512 γέρων
1687 1430 1764 1509 εἷ,
1796 1445 1883 1494 καὶ
1911 1432 2109 1512 μωρός.

391 1539 647 1613 Equitem
697 1537 919 1614 quidem
982 1559 1301 1610 romanum,
1366 1539 1734 1595 obscoenitatis
1784 1539 1841 1593 in
1883 1537 2111 1593 feminas

393 1658 575 1710 reum,
623 1637 716 1694 sed
758 1638 894 1694 falso
937 1651 991 1694 et
1045 1640 1113 1695 ab
1159 1640 1553 1717 impotentibus
1602 1639 1838 1695 inimicis
1876 1638 2114 1695 conficto

392 1740 656 1812 crimine,
704 1741 832 1796 satis
889 1752 1132 1811 constat,
1172 1761 1343 1817 quum
1401 1753 1584 1796 scorta
1632 1741 1911 1796 meritoria
1957 1740 2114 1795 citari

396 1840 655 1896 adversus
684 1861 769 1911 se,
797 1853 852 1897 et
879 1841 1057 1896 audiri
1087 1862 1189 1918 pro
1217 1841 1530 1897 testimonio
1550 1841 1788 1910 videret,
1820 1840 2112 1918 graphium

396 1952 451 1997 et
484 1939 728 2013 libellos,
762 1962 898 2017 quos
935 1941 1154 1997 tenebat
1179 1942 1237 1996 in
1264 1963 1461 2014 manu,
1495 1943 1569 1996 ita
1599 1962 1725 1997 cum
1750 1960 1948 2017 magna
1983 1938 2117 1994 stul-

399 2042 532 2097 titiae
559 2054 614 2097 et
647 2042 862 2097 saevitiae
894 2041 1314 2118 exprobratione
1339 2042 1533 2119 jecisse
1572 2042 1630 2096 in
1659 2040 1852 2097 faciem
1883 2039 2026 2115 ejuS,
2056 2051 2119 2094 ut

398 2163 594 2220 genam
628 2163 738 2197 non
770 2141 963 2198 leviter
986 2143 1379 2219 perstrinxerit.

480 2245 634 2299 XVI.
672 2243 854 2300 Gessit
875 2254 926 2298 et
951 2263 1239 2298 censuram
1257 2286 1270 2313 ,
1294 2243 1662 2299 intermissam
1689 2241 1784 2298 diu
1807 2253 1928 2319 post
1958 2239 2120 2297 Plan-

401 2364 527 2400 cum
575 2342 918 2419 Paulumque
960 2363 1254 2399 censores:
1296 2343 1391 2399 sed
1438 2344 1579 2399 hanc
1623 2348 1842 2420 quoque
1883 2343 2124 2417 inaequa-

342 2447 348 2452 ’
402 2443 610 2515 biliter,
672 2445 935 2520 varioque
985 2456 1040 2499 et
1092 2445 1277 2500 animo
1330 2456 1386 2500 et
1447 2455 1663 2499 eventu.
1722 2442 2123 2518 Recognitione

405 2545 654 2620 equitum
683 2544 945 2619 juvenem
975 2544 1164 2620 probri
1200 2541 1451 2619 plenum,
1486 2542 1581 2598 sed
1614 2562 1775 2618 quem
1804 2552 1959 2617 pater
1990 2561 2121 2616 pro-

405 2645 746 2699 batissimum
802 2643 905 2698 sibi
959 2642 1269 2698 affirmabat
1287 2685 1302 2714 ,
1351 2642 1466 2697 sine
1525 2641 1829 2719 ignominia
1883 2640 2086 2695 dimisit
2111 2682 2126 2710 ,

405 2767 432 2794 ι(
454 2743 655 2797 habere
674 2767 701 2794 >2
736 2741 922 2797 dicens
953 2763 1274 2798 «censorem
1305 2762 1481 2798 suum.
1501 2767 1527 2792 n
1560 2740 1773 2814 Alium,
1803 2739 2126 2817 corruptelis

408 2841 796 2918 adulteriisque
819 2842 1108 2914 famosum,
1140 2842 1277 2898 nihil
1300 2841 1534 2919 amplius
1562 2862 1726 2918 quam
1755 2840 1996 2909 monuit,
2024 2864 2051 2892 «
2069 2851 2128 2894 ut

412 2955 507 2999 aut
536 2943 754 3018 parcius
788 2941 1018 2998 aetatulae
1049 2942 1380 3020 indulgeret,
1410 2955 1504 2998 aut
1528 2954 1674 2997 certe
1705 2942 1945 2997 cautius:
1973 2964 2000 2992 »
2028 2938 2125 2994 ad-

411 3042 656 3118 diditque
676 3063 687 3097 :
713 3067 739 3094 <‹
757 3043 943 3115 Quare
962 3044 1109 3098 enim
1127 3064 1228 3120 ego
1256 3044 1394 3111 scio,
1418 3063 1583 3119 quam
1604 3043 1836 3098 amicam
1853 3038 2127 3097 habeas?»

410 3144 481 3198 Et
517 3163 719 3218 quum,
755 3144 1035 3199 orantibus
1067 3141 1448 3211 familiaribus,
1477 3142 1760 3199 demsisset
1788 3141 2006 3198 cuidam
2036 3160 2129 3214 ap·
2176 3199 2178 3201 ‚

413 3243 650 3319 positam
700 3255 915 3314 notam,
959 3268 986 3295 ι(
1011 3244 1204 3298 Litura
1254 3254 1521 3315 tamen,»
1580 3244 1787 3319 inquit,
1834 3251 2067 3296 «exstet.
2099 3264 2126 3290 2)

417 3342 776 3418 Splendidum
822 3345 1033 3414 virum,
1078 3344 1411 3419 Graeciaeque
1460 3344 1756 3420 provinciae
1787 3341 2125 3418 principem,
