2372 3918
723 282 790 328 IN
829 281 1142 328 TIBERIUM
1178 279 1510 326 NERONEM.
1901 290 1986 319 211

308 377 577 423 Accc'dclrset.
603 377 680 426 Sic
703 376 754 425 in
773 377 892 425 Coes.
906 410 922 432 ,
950 391 1128 422 mxxxvi
1143 410 1157 434 ,
1172 384 1375 421 mortem
1392 374 1597 436 proprio
1626 374 1865 421 vocabulo
1890 389 1989 420 non

241 451 487 515 significat.

306 533 382 576 De
405 531 560 577 tribus.
588 530 682 578 Dio
698 567 712 591 ,
744 546 825 577 nvi
841 565 856 589 ,
882 546 931 593 p.
961 527 1050 591 591
1070 563 1084 589 ,
1111 538 1318 590 quatuor
1338 529 1468 575 illata
1495 527 1635 587 dicit;
1665 539 1886 590 quartum
1908 543 1997 574 au-

239 617 335 654 tem
364 607 501 670 quod
534 609 595 655 ab
630 611 852 672 Augusto
881 605 1046 654 relicta
1075 605 1274 653 Tiberio
1311 615 1358 653 et
1387 604 1662 668 reipublicae
1695 604 1998 669 gubernandi

239 694 476 748 praecepta
500 701 609 731 cum
633 685 775 733 tertio
804 684 1064 733 Suetonius
1088 684 1368 745 conjunxit,
1391 692 1619 731 monente
1654 684 1723 732 Cl.
1749 685 1896 729 Hase.

307 766 486 811 Altero.
512 764 670 825 Hujus
692 773 879 828 partem
900 764 1131 811 habemus
1156 763 1206 809 in
1231 771 1547 811 monumento
1571 763 1844 826 Ancyrano·

647 1182 728 1239 IN
771 1183 1147 1240 TIBERIUM
1189 1183 1585 1241 NERONEM.

306 1382 417 1427 Cin.
450 1381 487 1426 1.
527 1381 737 1444 Accepit.
775 1385 952 1430 Praeter
973 1384 1181 1448 virgines
1205 1383 1428 1441 vestales,
1457 1397 1601 1428 nemo
1626 1381 1677 1427 in
1711 1381 1833 1427 urbe
1857 1396 1999 1443 sepe—

239 1458 461 1516 liebatur,
484 1457 575 1504 nisi
602 1458 665 1505 de
686 1460 934 1522 republica
964 1461 1145 1524 optime
1169 1461 1380 1508 meritus.
1397 1458 1524 1507 Vide
1549 1461 1903 1516 chmuiuz„
1939 1460 2001 1504 de

239 1535 455 1582 Funerib.
487 1537 619 1582 Rom.
635 1571 651 1593 ,
681 1554 724 1584 11
740 1573 756 1598 ,
779 1539 857 1585 26.

310 1614 415 1672 Quo
454 1615 767 1676 signficatur.
813 1619 991 1676 Gan,
1029 1634 1154 1677 1111,
1201 1633 1262 1664 22
1302 1635 1313 1662 :
1355 1639 1375 1659 «
1400 1618 1459 1664 Id
1489 1615 1654 1664 Sabini
1691 1616 1926 1677 accepisse
1973 1632 2000 1662 a

240 1690 415 1737 Graecis
439 1691 682 1753 videntur,
707 1693 793 1757 qui
815 1696 1007 1742 vincula
1030 1704 1079 1743 et
1104 1694 1403 1742 firmamenta
1426 1695 1755 1741 membrorum
1777 1707 1897 1761 νεῦρα
1923 1693 2002 1740 di-

241 1777 368 1814 cunt.
389 1789 414 1811 υ
438 1771 550 1816 Non
574 1786 599 1817 e
618 1784 775 1833 graeco
800 1772 935 1820 fonte
961 1772 1113 1833 cadit,
1129 1782 1184 1820 ut
1211 1774 1405 1835 opinor,
1434 1773 1556 1819 illud
1578 1773 1896 1830 vocabulum3
1913 1772 1999 1818 sed

241 1862 266 1891 e
289 1848 516 1894 sanserita
540 1865 661 1896 voce
693 1866 799 1911 quae
826 1851 956 1897 idem
981 1860 1121 1898 sonat
1139 1860 1284 1913 atque
1309 1852 1409 1909 vir,-
1435 1851 1549 1898 inde
1559 1850 1710 1912 sortis
1723 1885 1739 1908 ‚
1764 1861 1999 1898 strenuus.

307 1937 419 1984 Cu».
444 1939 507 1983 ΙΙ.
537 1938 716 1984 Coecus.
745 1939 872 1999 Liv.,
896 1941 1055 2003 Epic„
1081 1957 1182 1987 x111
1209 1958 1220 1986 ε
1245 1962 1265 1983 «
1280 1940 1448 1988 Cineas
1463 1942 1647 2004 legatus
1670 1956 1700 1988 a
1721 1942 1909 2004 Pyrrho
1936 1939 2000 1986 ad

237 2023 454 2061 senatum
477 2015 645 2063 missus
668 2016 833 2079 petiit,
855 2027 911 2066 ut
935 2019 1285 2082 componendae
1310 2018 1443 2081 pacis
1466 2009 1607 2066 causa
1629 2035 1715 2066 rex
1741 2018 1791 2065 in
1814 2018 1998 2067 Urbem

236 2091 548 2153 reciperetur,
579 2094 640 2140 de
672 2110 769 2156 qua
801 2112 854 2142 re
881 2113 1032 2158 quum
1071 2097 1134 2143 ad
1168 2095 1545 2159 frequentiorem
1580 2106 1798 2144 senatum
1829 2096 2000 2143 referri

238 2169 514 2229 placuisset,
540 2171 727 2233 Appius
762 2174 1017 2234 Claudius,
1044 2175 1130 2238 qui
1162 2184 1368 2237 propter
1390 2176 1714 2222 valetudinem
1743 2176 1999 2221 oculorum

235 2248 334 2306 jam
359 2246 443 2293 diu
474 2248 683 2295 consiliis
711 2250 919 2311 publicis
941 2268 990 2298 se
1015 2253 1333 2311 abstinuerat,
1360 2253 1563 2299 venit-in
1586 2254 1765 2299 curiam
1781 2290 1795 2313 ,
1818 2262 1865 2299 et
1889 2269 1998 2299 sen-

239 2325 498 2389 tentiasua
528 2326 703 2386 tenuit,
735 2337 790 2375 ut
814 2329 865 2376 id
889 2332 1073 2393 Pyrrho
1102 2340 1371 2394 negaretur.
1393 2350 1412 2372 n

304 2403 525 2464 Expulit.
559 2405 629 2451 cf.
656 2407 834 2466 Vana,
859 2423 932 2465 11,
956 2408 1045 2467 38,
1081 2416 1128 2454 et
1150 2409 1325 2467 Fron„
1354 2425 1421 2467 11,
1449 2407 1527 2454 25.
1569 2408 1879 2470 Cognominis
1912 2424 1996 2453 ra-

239 2480 420 2526 tionem
443 2481 637 2528 exhibet
661 2484 866 2544 Seneca,
895 2486 956 2532 de
970 2487 1103 2532 Brev.
1128 2486 1270 2541 vitoe,
1297 2502 1398 2532 1111
1426 2503 1436 2531 :
1461 2506 1480 2526 «
1499 2485 1618 2545 Quis
1643 2485 1871 2532 Romanis
1894 2486 1998 2546 pri-

241 2572 344 2603 mus
367 2558 601 2619 persuasit
634 2574 803 2607 navem
828 2562 1187 2610 conscendere?
1223 2564 1450 2610 Claudius
1489 2563 1527 2609 is
1561 2562 1678 2622 fuit,
1713 2563 1901 2608 caudex
1931 2562 1997 2608 ob

241 2635 332 2681 hoe
356 2635 512 2697 ipsum
537 2638 830 2698 appellatus,
854 2640 968 2702 quia
998 2640 1210 2703 plurium
1234 2641 1505 2688 tabularum
1531 2649 1784 2688 contextus
1810 2641 1998 2685 caudex·

240 2713 370 2774 apud
392 2714 617 2776 antiquos
637 2716 914 2764 vocabatur.
942 2738 977 2764 ι».

305 2790 635 2839 Asdrubalem.
660 2794 733 2839 De
756 2809 857 2856 quo
888 2795 1082 2856 Horat„
1115 2797 1204 2842 Od.
1224 2798 1308 2855 IV,
1335 2813 1400 2855 zv,
1436 2797 1492 2856 37
1530 2812 1540 2842 ι

474 2968 593 3022 Quid
610 2969 757 3012 debeas
771 3001 782 3020 ,
807 2985 831 3012 o
851 2974 1000 3021 Roma,
1027 2972 1279 3021 Neronibus,

474 3039 603 3082 Testis
621 3042 851 3084 Metaurum
873 3041 1043 3093 flumen,
1068 3052 1110 3085 et
1129 3043 1329 3085 Asdrubal

531 3110 732 3153 Devictus.

308 3262 533 3310 Claudius
573 3267 800 3313 Drusus...
840 3268 1040 3315 tentam‘e.
1070 3272 1168 3317 Nec
1205 3271 1265 3317 de
1295 3271 1514 3328 homine,
1554 3285 1640 3317 nec
1669 3269 1730 3315 de
1763 3284 1815 3316 re
1846 3269 1996 3332 quid-

239 3355 384 3402 quam
406 3353 720 3404 compertum.

1712 3439 1798 3505 14.
