2372 3918
281 243 2010 270 mmmmmfflmmmffl

441 485 532 569 C.
578 477 1105 568 SUETONII
1150 476 1848 580 TRANQUILLI

830 727 1431 851 GALBA.

1025 1040 1246 1055 *—

267 1270 312 1324 Ι.
360 1218 713 1325 Roonmns
743 1267 1024 1322 Caesarum
1055 1262 1112 1318 in
1150 1262 1369 1318 Nerone
1397 1260 1601 1318 defecit
1632 1283 1645 1318 ε
1684 1261 1834 1340 quod
1863 1262 2012 1320 futu·

269 1388 396 1424 rum
415 1410 431 1439 ‚
460 1365 843 1445 compluribus
874 1363 1098 1442 quidem
1121 1364 1320 1442 signis,
1351 1362 1447 1420 sed
1480 1361 1565 1419 vel
1590 1362 2014 1421 evidentissimis

270 1468 521 1542 duobus,
549 1467 823 1546 apparuit.
859 1467 1032 1523 Liviae
1069 1464 1230 1539 olim,
1257 1476 1383 1543 post
1417 1466 1658 1544 Augusti
1689 1467 1878 1524 statim
1908 1487 2014 1526 nu.-

269 1570 413 1649 ptias
445 1569 818 1651 Veientanum
859 1589 1017 1626 suum
1063 1568 1350 1640 revisenti‚
1395 1566 1787 1644 praetervolans
1830 1567 2017 1646 aquila

269 1670 530 1750 gallinam
562 1669 776 1743 albam,
807 1669 1086 1726 ramulum
1119 1668 1261 1726 lauri
1289 1682 1471 1726 rostro
1498 1682 1813 1742 tenentem,
1846 1671 1923 1726 ita
1955 1683 2017 1727 ut

271 1785 560 1851 rapuerat,
603 1772 822 1829 demisit
863 1773 919 1828 in
961 1772 1234 1849 gremium
1272 1793 1284 1827 :
1326 1793 1616 1849 quumque
1665 1773 1870 1829 nutriri
1917 1773 2017 1830 ali-

270 1886 382 1932 tem
401 1916 417 1947 ,
449 1875 617 1953 pangi
647 1872 926 1930 ramulum
947 1872 1276 1951 placuisset,
1312 1885 1475 1930 tanta·
1491 1872 1774 1951 pullorum
1801 1873 2016 1931 soboles

269 1977 563 2055 provenit,
597 1988 660 2033 ut
695 1973 862 2032 hodie
900 1996 1125 2054 quoque
1163 1995 1226 2032 ea
1263 1973 1395 2037 villa
1429 1975 1518 2032 ad
1555 1976 1819 2034 Gallinas
1859 1996 2018 2033 voce-

270 2089 396 2147 tur;
430 2075 541 2132 tale
578 2096 711 2133 vero
744 2075 1052 2147 lauretum,
1087 2087 1150 2132 ut
1185 2075 1580 2154 triumphaturi
1611 2079 1855 2133 Caesares
1891 2077 2019 2133 inde

278 2175 493 2234 laureas
521 2176 878 2255 decerperent
909 2198 921 2232 z
955 2176 1169 2253 fuitque
1202 2197 1322 2233 mos
1361 2177 1831 2255 triumphantibus
1852 2222 1866 2250 ‚
1899 2178 2019 2235 illas

273 2278 563 2335 confestim
593 2277 786 2335 eodem
815 2277 936 2334 loco
972 2298 1212 2356 pangere
1243 2299 1256 2334 t
1290 2290 1345 2334 et
1378 2279 1734 2338 observatum
1764 2292 1877 2349 est,
1914 2282 2017 2336 sub

273 2380 543 2457 cujusque
586 2380 801 2436 obitum
854 2378 1109 2435 arborem
1134 2422 1148 2451 ‚
1192 2379 1261 2435 ab
1305 2380 1425 2457 ipso
1478 2380 1822 2452 institutam,
1870 2380 2019 2438 elan-

274 2480 471 2559 guisse.
500 2483 649 2558 Ergo
679 2480 977 2536 novissimo
1009 2480 1247 2536 Neronis
1274 2500 1422 2536 anno
1452 2491 1507 2536 et
1533 2479 1669 2537 silva
1693 2483 1872 2539 omnis
1903 2503 2020 2539 exa-

275 2581 390 2637 ruit
420 2579 685 2637 radicitus
705 2624 719 2653 ,
753 2592 808 2637 et
838 2579 1105 2658 quicquid
1127 2580 1201 2636 ibi
1227 2579 1559 2658 gallinarum
1584 2594 1735 2654 erat,
1767 2584 1976 2640 interiit
2004 2606 2015 2639 :

250 2702 337 2738 ac
367 2680 600 2738 subinde
625 2693 770 2738 tacta
794 2681 862 2738 de
882 2679 1018 2738 coelo
1049 2683 1330 2738 Caesarum
1361 2682 1476 2738 aede
1495 2726 1510 2752 ‚
1545 2684 1726 2761 capita
1759 2685 2017 2741 omnibus

274 2781 440 2840 simul
476 2785 670 2841 statuis
701 2783 1049 2856 deciderunt;
1075 2784 1312 2861 Augusti
1338 2784 1503 2841 etiam
1538 2798 1818 2862 sceptrum
1846 2807 1876 2842 e
1908 2808 2020 2843 ma·

273 2888 436 2944 nibus
470 2906 759 2943 excussum
790 2899 889 2944 est.

354 2991 430 3046 II.
472 2988 684 3046 Neroni
719 2986 916 3045 Galba‘
941 2988 1232 3060 successit,
1274 2986 1428 3044 nullo
1472 2988 1646 3066 gradu
1690 2991 2018 3067 contingens

274 3091 553 3147 Caesarum
597 3088 855 3161 domum,
900 3089 995 3145 sed
1039 3088 1189 3147 haud
1230 3089 1396 3145 dubie
1444 3087 1850 3158 nobilissimuS‚
1902 3110 2018 3146 ma-

276 3211 491 3268 gnaque
522 3203 575 3247 et
605 3204 781 3247 vetere
809 3192 1065 3269 prosapia
1085 3235 1099 3263 ,
1131 3203 1192 3249 ut
1221 3192 1315 3269 qui
1350 3203 1655 3247 statuarum
1690 3189 1862 3247 titulis
1887 3212 2016 3269 pro·

278 3304 534 3370 nepotem
574 3313 630 3348 se
674 3293 744 3365 Q.
781 3289 963 3348 Catuli
1013 3290 1312 3369 Capitolini
1364 3312 1579 3371 semper
1630 3291 2016 3370 adscripserit;

522 3413 581 3450 11.
610 3415 611 3418 ¹
1746 3414 1761 3448 1
