2372 3918
381 363 467 419 194
1144 350 1335 397 NOTAE

448 450 672 509 Suprema
697 447 899 507 judicia.
938 448 1046 494 scil.
1078 457 1377 507 testamenta,
1403 456 1455 494 ut
1492 448 1540 492 in
1569 450 1672 493 Val.
1700 449 1826 494 Max.
1847 484 1860 508 ,
1889 464 1991 507 vu,
2026 464 2054 507 7
2092 465 2105 496 ς

378 547 402 569 κ
419 530 658 588 Augustus
684 540 902 586 suprema
923 524 1104 585 judicia
1123 526 1462 586 improbavit.»

452 603 713 648 Verborum.
731 602 922 649 Amicos
947 602 1070 648 enim
1091 602 1310 649 laudibus
1331 601 1558 663 prosequi
1574 604 1647 647 vel
1663 602 1921 649 maledictis
1945 612 2109 665 tyran-

375 697 464 728 nos
494 689 540 726 et
564 696 728 726 eorum
751 680 925 726 amicos
949 696 1146 727 onerare
1168 680 1216 726 in
1253 678 1536 727 testamentis
1568 682 1809 726 Romanos
1838 682 1990 727 solere
2011 680 2107 740 jam

375 757 659 804 monuimus.

442 837 632 881 Eorum.
662 835 731 881 Cf.
757 837 931 892 D1ou.,
962 850 1066 892 mn,
1088 850 1136 894 p.
1164 832 1274 896 591.

445 914 554 959 CAP.
577 913 774 959 LXVII.
797 913 1030 956 Patronus
1052 913 1368 974 dominusque.
1399 939 1465 948 -
1495 914 1731 959 Patronus
1763 912 1982 969 libertos,
2016 911 2111 958 do-

377 990 531 1037 minus
560 1005 715 1035 servos
738 997 931 1049 spectat.
1270 985 1276 990 ’

443 1068 835 1127 Dispensatorem.
860 1067 917 1111 Η.
937 1081 977 1111 e.
1006 1064 1091 1127 qui
1121 1065 1191 1111 rei
1219 1066 1460 1113 familiaris
1485 1066 1692 1112 rationes
1716 1064 2040 1128 dispensabat,
2065 1074 2111 1110 et

375 1145 587 1206 pecuniae
611 1159 770 1190 curam
792 1143 1013 1189 habebat.

444 1227 489 1268 A
513 1239 617 1283 quo.
653 1223 834 1281 Nempe
868 1220 1101 1267 Diomede
1133 1223 1209 1267 vel
1242 1220 1419 1268 vitante
1453 1221 1558 1282 apri
1591 1220 1857 1280 incursum,
1891 1225 1967 1269 vel
1997 1223 2110 1285 fuga

377 1300 621 1346 deserente
643 1301 923 1360 Augustum.
1211 1295 1218 1302 ⁴
1848 1295 1853 1299 ’

444 1380 490 1422 Λ
512 1393 670 1422 manu.
700 1375 816 1434 Quis
839 1375 1016 1420 dIctum
1041 1389 1185 1434 supra
1206 1375 1256 1421 in
1282 1376 1427 1430 Coes.,
1453 1392 1641 1422 Lxxvn.

444 1455 618 1515 Fregit.
645 1480 713 1489 ·-—
736 1452 1080 1514 'Crurgfragium
1111 1453 1358 1499 dicebatur
1382 1453 1674 1514 ‘supplicium
1701 1455 1846 1513 illud,
1880 1468 1979 1515 quo
2007 1468 2110 1499 ser-

377 1546 548 1576 vorum
580 1546 716 1576 crura
747 1531 1043 1593 frangebant.
1072 1533 1259 1590 Senec.,
1289 1532 1349 1575 de
1375 1533 1482 1587 Im,
1518 1547 1578 1576 111
1597 1568 1610 1591 ,
1639 1533 1700 1578 32
1730 1548 1742 1578 :
1779 1552 1799 1574 α
1823 1530 1955 1589 Quid
1988 1545 2112 1592 pro-

376 1623 595 1668 peramus
617 1609 866 1654 verberare
891 1608 1068 1667 statim,
1104 1624 1242 1655 crura
1263 1607 1483 1668 protinus
1506 1609 1759 1671 frangere?
1783 1629 1804 1651 u

445 1689 500 1731 In
516 1686 899 1746 flumen.‹Q110d
927 1687 1076 1735 GPaeCi
1106 1684 1341 1732 VOCabant
1366 1696 1710 1753 κατᾳποντισμὸς.
1749 1686 1824 1733 Sic
1852 1686 2026 1745 TaCit.‚
2064 1685 2115 1731 in

381 1764 560 1818 Germ„
587 1780 663 1809 x11
679 1798 692 1822 ,
718 1779 745 1809 a
771 1781 784 1809 ε
806 1784 826 1805 «
850 1765 1077 1826 Ignavos,
1103 1773 1148 1810 et
1170 1763 1405 1822 imbelles,
1436 1772 1483 1808 et
1506 1780 1712 1825 corpore
1734 1764 1950 1822 infames,
1976 1779 2112 1810 coeno

377 1856 430 1886 ac
461 1841 667 1901 palude,
699 1841 872 1900 injecta
902 1841 1096 1902 insuper
1119 1850 1271 1898 crate,
1299 1846 1531 1902 mergunt.
1555 1861 1577 1884 x»

445 1918 551 1964 CAP.
576 1920 800 1964 LXVIII.
842 1920 1023 1964 Orbem.
1049 1919 1213 1964 Ludus
1235 1927 1304 1965 est
1337 1917 1386 1962 in
1410 1917 1590 1978 duplici
1619 1933 1758 1964 sensu
1789 1913 2012 1964 vocabuli
2033 1933 2118 1965 ον’-π

379 1997 510 2050 bem,
552 1996 686 2057 quod
711 1996 933 2056 tympani
963 1996 1145 2049 orbem,
1187 2011 1214 2040 a
1247 1997 1384 2040 Gallo
1415 1997 1680 2057 pulsatum,
1714 1994 2033 2060 significabat,
2068 2004 2114 2039 et

378 2073 745 2118 convertebatur
767 2088 794 2118 a
814 2075 998 2133 populo
1022 2072 1072 2119 in
1098 2073 1431 2118 contumeliam
1453 2073 1660 2136 Augusti
1674 2063 1759 2135 qui
1779 2074 1938 2119 orbem
1959 2083 2111 2117 tetra-

377 2166 476 2195 rum
491 2150 682 2196 tenebat
704 2150 921 2211 imperio.
1207 2209 1210 2212 ἢ
1665 2152 1669 2156 ’

445 2229 555 2274 Cn.
582 2229 760 2274 LXIX.
785 2228 1063 2274 Incomtiore
1095 2229 1286 2288 capillo.
1323 2229 1394 2273 Ita
1427 2229 1623 2284 Juven.,
1646 2243 1700 2273 11
1717 2263 1729 2286 ,
1765 2227 1853 2285 187
1886 2242 1900 2271 z

553 2361 804 2412 vexatasque
818 2371 970 2409 comas,
991 2366 1030 2399 et
1047 2359 1199 2400 vultum
1219 2372 1435 2413 auremque
1453 2367 1674 2400 canentem.

447 2481 754 2528 Condiciones.
779 2484 838 2528 H.
865 2498 904 2529 e.
930 2491 1117 2544 stupra,
1148 2492 1208 2528 ut*
1227 2485 1323 2530 Cic.
1345 2501 1435 2545 pro
1473 2484 1614 2539 Cael„
1643 2500 1705 2529 xv
1729 2501 1740 2530 :
1764 2504 1784 2525 «
1809 2483 1969 2530 Habes
1990 2484 2111 2529 hor-

379 2570 453 2606 tos
483 2560 545 2606 ad
581 2558 819 2618 Tiberim,
854 2576 953 2620 quo
994 2561 1145 2605 omnis
1165 2560 1390 2621 juventus
1425 2561 1620 2619 natandi
1646 2576 1784 2606 causa
1815 2561 1959 2606 venit.
1993 2559 2116 2606 Hinc

379 2637 488 2684 licet
512 2636 812 2682 conditiones
846 2637 1064 2697 quotidie
1087 2638 1228 2700 legas.
1250 2659 1273 2679 »1
1303 2639 1372 2684 Cf.
1398 2640 1647 2696 Tnanmu,
1669 2638 1820 2682 Andr.
1836 2670 1850 2691 ‚
1878 2652 1926 2694 1,
1951 2653 1998 2694 1,
2036 2634 2114 2682 52.

446 2715 693 2776 Reginam.
731 2714 840 2760 Scil.
878 2715 1207 2775 Cleopatram,
1243 2731 1328 2760 seu
1355 2715 1650 2772 Terentiam,
1681 2713 1951 2760 Maecenatis
1987 2728 2117 2758 uxo-

380 2807 507 2850 rem,
539 2790 599 2837 de
623 2806 718 2852 qua
741 2790 863 2850 Dio,
894 2807 998 2850 le,
1028 2807 1076 2853 p-
1105 2791 1167 2836 33
1196 2808 1206 2836 :
1232 2799 1318 2843 Καί
1350 2816 1453 2849 τινες
1488 2798 1559 2842 καὶ
1582 2795 1656 2841 διὰ
1690 2798 1762 2845 τὴν
1794 2798 2007 2856 Τερεντίαν
2042 2798 2113 2844 τὴν

379 2881 451 2920 τοῦ
484 2876 697 2923 Μαικήνα)
728 2877 903 2934 γυναῖκα
934 2872 1209 2935 ἀποδημῆσαι
1241 2877 1361 2920 αὐτὸν
1395 2877 1679 2923 ὑπετέπησοιν·
1714 2875 1762 2918 ἶν’
1785 2871 1954 2918 ἐπειδὰν
1984 2873 2116 2918 πολλὰ

380 2952 471 3013 περὶ
501 2955 632 2997 αὐτῶν
659 2953 696 2997 ἐν
720 2959 773 3012 τῇ
797 2946 920 3012 ῥώμῃ
952 2954 1247 3012 ἐλογοποιεῖτο,
1277 2955 1370 2997 ἄνευ
1393 2958 1482 3011 θροῦ
1498 2954 1601 3002 τινὸς
1624 2955 1661 2996 ἐν
1686 2957 1738 3009 τῇ
1762 2949 1995 3010 ἀλλοδημίᾳ
2011 2953 2114 3009 αὐτῇ

383 3036 493 3088 συνῇ.
860 3029 873 3033 ’
1299 3080 1304 3084 .
1938 3085 1942 3087 ‚

447 3102 557 3147 Car.
582 3101 735 3147 LXX.
765 3101 1008 3147 Secretior.
1031 3103 1089 3148 In
1111 3100 1423 3147 intima'enim
1448 3102 1617 3147 domus
1652 3109 1791 3162 parte
1822 3101 2110 3161 parabamus
2180 3124 2186 3129 κ

382 3178 723 3226 luxuriosiores
758 3193 901 3224 coenae
929 3178 1059 3240 apud
1088 3188 1284 3225 veteres.
1316 3181 1623 3238 Juvena1.,⁴1‚
1647 3185 1711 3239 94
1738 3195 1749 3222 ε
1816 3223 1820 3225 μ

969 3337 979 3345 .
1009 3319 1018 3345 :
1046 3337 1055 3345 .
1082 3337 1090 3346 .
1117 3305 1199 3357 Qui
1215 3304 1364 3346 fereula
1379 3313 1529 3360 septem

559 3377 720 3415 Secreto
736 3375 904 3416 coennvit
922 3388 1030 3415 avus.
1470 3375 1473 3377 “
