2372 3918
203 278 1059 300 mmmmm
1072 275 1923 297 mmmmmmm

1011 458 1129 525 DE

259 664 1007 756 ILLUSTRIBUS
1067 663 1873 751 GRAMMATICIS

950 898 1169 943 LIBER.

931 1105 1197 1119 -——-——

194 1291 239 1346 Ῑ.
283 1238 746 1370 Gummi-rm
771 1290 962 1345 Romae
985 1308 1057 1344 ne
1081 1287 1136 1344 in
1159 1308 1262 1344 usu
1287 1287 1512 1366 quidem
1533 1286 1694 1363 olim,
1726 1288 1931 1347 nedum

195 1393 255 1448 in
289 1392 501 1449 honore
527 1389 643 1447 ullo
663 1402 782 1447 erat
811 1412 825 1447 z
853 1389 979 1447 rudi
1007 1387 1213 1447 scilicet
1242 1410 1307 1447 ac
1334 1388 1596 1448 bellicosa
1624 1391 1789 1448 etiam
1812 1403 1934 1448 tum

196 1493 445 1565 civitate,
471 1490 710 1549 necdum
734 1511 937 1570 magno
971 1511 1136 1569 opere
1165 1489 1486 1548 liberalibus
1514 1490 1818 1570 disciplinis
1842 1512 1936 1548 va-

196 1604 373 1650 cante.
407 1593 639 1651 Initium
678 1612 900 1669 quoque
928 1592 1046 1670 ejus
1070 1590 1349 1648 mediocre
1379 1593 1587 1649 exstitit
1613 1614 1626 1649 :
1661 1593 1932 1670 siquidem

197 1693 567 1770 antiquissimi
603 1691 922 1765 doctorum,
958 1693 1054 1769 qui
1098 1691 1266 1748 iidem
1302 1705 1357 1749 et
1387 1705 1562 1770 poetae
1604 1705 1659 1749 et
1688 1706 1936 1749 oratores

197 1793 496 1872 semigraeci
519 1805 677 1850 erant
705 1792 960 1872 (Livium
989 1806 1044 1850 et
1067 1794 1313 1850 Ennium
1336 1793 1462 1850 dico
1489 1815 1503 1850 z
1533 1814 1675 1871 quos
1699 1805 1938 1871 utraque

198 1892 388 1972 lingua
420 1892 570 1950 domi
600 1893 844 1971 forisque
877 1893 1158 1965 docuisse,
1183 1893 1452 1950 adnotum
1480 1893 1622 1973 est),
1646 1892 1788 1950 nihil
1810 1915 1935 1951 am-

193 1992 340 2073 plius
370 2015 539 2072 quam
576 2015 754 2073 graeca
804 1994 1314 2073 interpretabantur
1347 2016 1360 2050 ε
1398 2014 1463 2051 ac
1504 1995 1550 2052 si
1592 1994 1729 2072 quid
1767 1994 1937 2052 latine

194 2096 299 2174 ipsi
337 2076 805 2175 composuissent,
845 2094 1228 2173 praelegebant.
1269 2098 1412 2154 Nam
1432 2139 1448 2169 ,
1492 2095 1644 2174 quod
1681 2094 1937 2154 nonnulli

197 2196 428 2254 tradunt
445 2241 460 2269 ,
490 2190 630 2253 duos
656 2195 825 2253 libros
851 2195 923 2253 de
948 2196 1147 2253 littere&
1174 2196 1541 2276 syllabisque,
1573 2198 1706 2254 item
1729 2197 1803 2256 de
1828 2219 1938 2255 me-

194 2297 322 2371 tris,
352 2297 421 2354 ab
455 2296 649 2354 eodem
679 2298 859 2354 Ennio
890 2296 1101 2368 editos,
1129 2298 1256 2375 jure
1285 2300 1468 2376 arguit
1498 2299 1707 2356 Lucius
1741 2302 1935 2368 Cotta,

196 2420 311 2455 non
354 2410 559 2476 poetae,
593 2396 687 2454 sed
725 2398 1041 2476 posterioris
1078 2399 1244 2455 Ennii
1278 2419 1394 2455 esse
1425 2421 1437 2454 :
1468 2400 1628 2476 cujus
1666 2400 1832 2456 etiam
1865 2400 1937 2458 de

194 2499 530 2578 augurandi
553 2498 854 2579 diwiplc'na
879 2497 1165 2555 volumina
1196 2499 1470 2556 feruntur.

274 2603 349 2657 ΙΙ.
383 2600 602 2657 Primus
627 2601 815 2678 igitur,
836 2612 1108 2677 quantum
1133 2600 1448 2678 opinamur,
1479 2600 1723 2659 studium
1752 2623 1934 2679 gram-

178 2702 411 2758 ·maticae
458 2701 515 2756 in
564 2700 775 2758 Urbem
816 2698 1006 2756 intulit
1044 2703 1236 2758 Crates
1285 2699 1583 2775 MalloteS,
1621 2704 1933 2760 Aristarchi

195 2800 451 2880 aequaliS,
487 2802 584 2879 qui
623 2801 819 2858 missus
857 2800 927 2857 ad
961 2814 1213 2859 senatum
1258 2802 1328 2859 ab
1369 2801 1559 2860 Attalo
1592 2824 1755 2883 rege,
1790 2806 1934 2861 inter

195 2901 495 2959 secundum
524 2923 589 2959 ac
617 2903 841 2959 tertium
865 2901 1072 2959 bellum
1103 2904 1397 2981 punicum,
1426 2905 1530 2962 sub
1560 2907 1738 2984 ipsam
1768 2907 1932 2964 Ennii

195 3015 464 3076 mortem,
500 3023 673 3080 quum
701 3004 926 3082 regione
956 3002 1181 3077 Palatii,
1211 3003 1499 3083 prolapsus
1530 3008 1587 3063 in
1617 3005 1818 3064 cloacae
1847 3006 1932 3064 fo—

195 3126 416 3178 ramen,
452 3126 579 3162 crus
609 3106 890 3184 fregisset,
924 3125 1023 3184 per
1047 3127 1210 3163 omne
1241 3106 1528 3185 legationis
1557 3107 1720 3165 simul
1754 3120 1808 3165 et
1838 3129 1933 3165 va-

196 3206 456 3264 letudinis
491 3219 733 3284 tempus,
764 3205 1030 3285 plurimas
1054 3203 1331 3283 ἆκροάσεις
1360 3208 1594 3266 subinde
1623 3208 1780 3284 fecit,
1807 3210 1937 3266 assi-

196 3306 414 3385 dueque
447 3307 728 3381 disseruit,
753 3328 816 3365 ac
838 3309 1039 3366 nostris
1069 3309 1321 3388 exemplo
1350 3310 1451 3367 fuit
1479 3309 1548 3367 ad
1577 3309 1927 3367 imitandum.

424 3425 484 3461 Π.
1664 3410 1700 3464 (ἶ
