2372 3918
319 251 338 279 ι
349 235 407 280 28
983 236 1035 281 C.
1080 237 1370 284 SUETONII

313 359 503 414 quam,
547 340 791 416 Agrippa
829 338 1080 396 abdicato
1117 353 1282 418 atque
1321 338 1581 417 seposit0,
1629 349 1837 394 certum
1882 350 2027 409 erat,

313 438 410 492 uni
445 458 597 515 spem
632 439 989 495 successionis
1021 440 1351 496 incumbere.

391 540 539 595 XVI.
578 541 723 595 Data
760 559 950 595 rursus
991 551 1229 616 potestas
1275 540 1564 595 tribunicia
1614 539 1670 593 in
1720 538 2029 614 quinquen·

311 637 466 692 nium
493 658 506 692 z
535 637 811 715 delegatus
841 637 1100 715 pacandae
1121 639 1433 695 Germaniae
1459 650 1629 695 status
1659 659 1671 693 ε
1701 637 2028 693 Parthorum

310 734 508 814 legati,
540 724 811 795 mandatis
844 739 1094 814 Augusto
1135 740 1325 795 Romae
1357 738 1611 811 redditis,
1650 758 1775 794 eum
1814 756 2031 813 quoque

312 836 461 892 adire
490 838 547 892 in
572 837 857 914 provincia
876 837 1030 913 jussi.
1058 837 1166 894 Sed
1193 839 1452 894 nunciata
1475 837 1680 916 Illyrici
1704 837 2030 907 defectione,

310 938 528 992 transiit
554 937 624 992 ad
649 958 839 993 curam
867 939 997 993 novi
1020 937 1147 994 belli
1168 938 1357 1017 :quod
1380 941 1760 1018 gravissimum
1782 939 2031 995 omnium

311 1049 666 1094 externorum
689 1036 961 1094 bellorum
988 1051 1114 1116 post
1140 1041 1372 1114 Punica,
1401 1061 1499 1119 per
1526 1038 1840 1117 quindecim
1870 1037 2034 1116 legio-

310 1158 437 1210 nes,
481 1158 778 1215 paremque
816 1137 1148 1196 auxiliorum
1187 1141 1429 1219 copiam,
1469 1141 1708 1196 triennio
1740 1139 1936 1217 gessit,
1975 1139 2031 1193 in

308 1239 521 1315 magnis
558 1239 804 1294 omnium
844 1260 1031 1296 rerum
1073 1240 1512 1314 difficultatibus,
1552 1261 1870 1317 summaque
1914 1238 2032 1294 fru-

307 1358 438 1413 gum
474 1338 675 1414 inopia.
708 1341 782 1396 Et
816 1360 1151 1416 quamquam
1186 1342 1381 1418 saepius
1424 1351 1801 1412 revocaretur,
1846 1351 2031 1395 tamen

305 1438 702 1512 perseveravit3
738 1451 1015 1512 metuenS,
1051 1459 1121 1495 ne
1158 1442 1373 1496 vicinus
1422 1451 1474 1496 et
1516 1439 1817 1517 praevalens
1859 1439 2032 1496 hostis

306 1537 536 1592 instaret
560 1535 709 1594 ultro
736 1538 1071 1595 cedentibus,
1110 1542 1193 1596 Ac
1225 1540 1644 1617 perseverantiae
1680 1539 1887 1617 grande
1916 1561 2033 1617 pre-

308 1637 447 1693 tium
475 1635 631 1707 tulit,
659 1649 778 1694 toto
804 1637 1056 1715 Illyrico,
1089 1639 1240 1716 quod
1269 1641 1414 1696 inter
1443 1639 1659 1702 Italiam
1687 1661 2032 1718 regnumque

307 1738 574 1795 Noricum
587 1749 643 1794 et
656 1739 946 1820 Thraciam
963 1751 1020 1795 et
1038 1739 1428 1796 Macedoniam
1445 1741 1695 1817 interque
1709 1741 2031 1798 Danubium

307 1835 513 1893 flumen
547 1849 600 1893 et
627 1839 809 1894 sinum
837 1840 1004 1915 maris
1031 1839 1301 1896 Adriatici
1335 1852 1512 1918 patet,
1543 1840 1856 1918 perdomito
1890 1853 1945 1897 et
1974 1842 2029 1896 in

305 1936 573 1993 ditionem
601 1938 839 1994 redactO.

383 2039 566 2095 XVII.
601 2039 708 2096 Cui
736 2037 922 2117 gloriae
946 2040 1184 2118 amplior
1205 2040 1384 2098 adhuc
1407 2062 1474 2098 ex
1501 2042 1915 2119 opportunitate
1938 2063 2031 2098 cu-

305 2137 487 2195 mulus
514 2140 754 2196 accessit.
782 2142 929 2199 Nam
959 2141 1061 2197 sub
1090 2141 1147 2197 id
1173 2141 1285 2198 fere
1319 2155 1536 2221 tempus
1562 2142 1900 2215 Quinctilius
1920 2146 2030 2199 Va-

306 2261 399 2295 rus
436 2261 564 2296 cum
607 2241 782 2296 tribus
818 2239 1126 2319 legionibus
1160 2243 1218 2297 in
1251 2243 1551 2299 Germania
1585 2244 1779 2320 periit3
1812 2244 2030 2299 nemine

302 2338 618 2412 dubitante,
642 2341 778 2416 quin
807 2341 1046 2397 victores
1078 2343 1344 2398 Germani
1372 2343 1621 2419 juncturi
1648 2363 1704 2398 se
1727 2344 2027 2399 Pannoniis

302 2438 530 2511 fuerint,
563 2440 668 2496 nisi
702 2439 1035 2496 debellatum
1068 2443 1220 2518 prius
1258 2440 1538 2518 Illyricum
1572 2453 1726 2498 esset.
1767 2443 1919 2514 Quas
1956 2443 2026 2498 ob

300 2560 387 2595 res
420 2540 735 2616 triumphus
772 2541 821 2594 ei
853 2539 1104 2595 decretus
1133 2553 1243 2613 est,
1268 2539 1538 2618 multique
1565 2554 1620 2597 et
1640 2543 1826 2619 magni
1855 2543 2026 2598 hono-

301 2659 403 2693 res,
437 2641 788 2694 Censuerunt
818 2639 983 2711 etiam
1015 2639 1238 2716 quidam
1257 2684 1272 2711 ,
1306 2653 1371 2696 ut
1398 2642 1777 2714 Pannonicus,
1811 2641 1932 2714 alii,
1964 2655 2024 2699 ut

299 2739 570 2809 Invictus,
624 2736 910 2811 nonnulli,
959 2751 1022 2794 ut
1073 2741 1203 2795 Pius
1249 2742 1747 2817 cognominaretur.
1802 2741 1908 2798 Sed
1957 2741 2023 2797 de

299 2838 628 2915 cognomine
667 2839 972 2895 intercessit
1013 2842 1319 2917 AugustUS,
1362 2862 1426 2897 eo
1468 2854 1792 2898 contentum
1830 2864 2021 2920 repro-

298 2939 549 3011 mittenS,
576 2938 726 3015 quod
743 2960 799 2995 se
814 2939 1074 2997 defuncto
1096 2953 1450 3019 suscepturus
1474 2955 1630 2999 esset.
1651 2943 2018 3019 Triumphum

298 3038 413 3115 ipse
443 3038 681 3112 distulit,
706 3053 900 3096 moesta
923 3043 1142 3098 civitate
1163 3042 1316 3098 clade
1334 3044 1591 3100 Variana.
1619 3043 1812 3103 Nihilo
1839 3023 2017 3099 minus

299 3138 508 3195 Urbem
548 3151 900 3216 praetextatus
944 3153 999 3196 et
1031 3140 1216 3198 laurea
1257 3155 1550 3200 coronatus
1589 3143 1838 3214 intravit;
1875 3144 2018 3220 posi-

299 3250 526 3315 tumque
557 3239 614 3294 in
641 3241 819 3316 Septis
849 3238 1116 3315 tribunal,
1141 3255 1331 3298 senatu
1364 3243 1613 3301 adstante
1630 3286 1646 3316 ,
1674 3244 2016 3315 conscendit,
