2372 3918
1066 236 1294 281 GALBA.
2029 255 2058 297 9

318 343 458 399 ritiae
494 363 506 398 :
544 341 694 421 quod
728 341 977 399 civitates
1015 339 1410 417 Hispaniarum
1444 338 1864 419 Galliarumque
1885 385 1899 414 ,
1933 362 2054 419 quae

317 444 667 501 cunctantius
699 442 802 499 sibi
825 452 1172 497 accesserant
1191 482 1207 511 ,
1239 440 1585 518 gravioribus
1615 441 1837 498 tributis
1855 485 1870 514 ,
1898 461 2058 519 quas·

317 542 444 600 dam
475 545 638 601 etiam
668 561 956 599 murorum
989 540 1393 613 destructione,
1428 541 1699 618 punisset;
1723 554 1776 598 et
1800 543 2058 620 praeposi·

318 657 404 702 tos
464 655 961 722 procuratoresque
1019 640 1293 720 supplicio
1356 642 1553 719 capitis
1604 641 1874 698 affecisset
1930 663 2055 699 cum

307 727 645 825 ¹conjugibus
672 764 735 801 ac
765 743 983 814 liberis;
1013 741 1275 820 quodque
1307 740 1550 799 oblatam
1584 763 1616 799 a
1642 745 2060 799 Tarraconensi·

316 846 420 904 bus
470 867 499 903 e
542 857 724 902 vetere
765 843 974 923 templo
1017 845 1168 901 Jovis
1208 864 1472 901 coronam
1521 864 1744 900 auream
1791 842 2058 900 librarum

316 946 633 1024 quindecim
667 944 988 1017 conflasset,
1023 966 1087 1002 ac
1122 956 1234 1001 tres
1275 946 1500 1017 uncias,
1536 965 1658 1021 quae
1700 944 1931 1022 ponderi
1962 944 2059 1016 def

314 1059 473 1105 erant
489 1091 504 1121 ,
519 1047 767 1125 jussisset
792 1047 953 1126 exigi.
978 1049 1060 1103 Ea
1083 1047 1228 1103 fama
1256 1058 1311 1102 et
1337 1045 1661 1103 confirmata
1684 1058 1740 1102 et
1759 1058 1921 1104 aucta
1948 1059 2059 1117 est,

319 1162 382 1206 ut
413 1150 653 1227 primum
686 1148 892 1206 Urbem
921 1149 1152 1205 introiit.
1179 1148 1323 1204 Nam
1351 1168 1526 1224 quum
1561 1146 1891 1221 classiariOS,
1920 1169 2060 1225 quos

317 1252 469 1309 Nero
505 1270 570 1307 ex
599 1249 901 1328 remigibus
929 1250 1104 1327 justos
1134 1248 1336 1305 milites
1367 1248 1597 1322 fecerat,
1630 1248 1813 1307 redire
1845 1249 1915 1306 ad
1943 1251 2059 1327 pri·

319 1353 528 1409 stinum
561 1364 767 1409 statum
799 1363 1060 1430 cogeret3
1092 1363 1432 1422 recusanteS‚
1461 1363 1628 1428 atque
1658 1352 1885 1429 insuper
1909 1353 2061 1428 aqui·

319 1452 428 1510 lam
463 1465 519 1509 et
547 1453 702 1531 signa
730 1453 1065 1530 pertinacius
1096 1451 1440 1529 flagitantes,
1474 1472 1585 1508 non
1618 1451 1783 1509 modo
1819 1453 2062 1509 immisso

319 1555 504 1633 equite
538 1554 780 1631 disjecit,
814 1552 909 1610 sed
939 1552 1230 1610 decimavit
1258 1554 1439 1610 etiam.
1477 1556 1617 1610 Item
1649 1557 2061 1612 Germanorum

318 1657 629 1725 cohortem,
670 1676 701 1711 a
734 1655 1044 1712 Caesaribus
1075 1653 1208 1711 olim
1241 1654 1308 1712 ad
1351 1655 1653 1712 custodiam
1687 1655 1935 1732 corporis
1974 1656 2061 1711 in-

319 1759 567 1815 stitutam
582 1801 597 1830 ,
633 1754 933 1833 multisque
953 1755 1339 1833 experimentis
1360 1754 1730 1812 fidelissimam
1751 1799 1766 1828 ,
1790 1755 2063 1827 dissolvit,

318 1880 382 1915 ac
410 1856 663 1915 sine'ullo
684 1855 980 1914 commodo
1011 1857 1223 1913 remisit
1248 1857 1306 1912 in
1331 1858 1601 1934 patriam,
1629 1857 1787 1934 quasi
1811 1858 1916 1914 Cn.
1943 1861 2063 1915 Do-

319 1957 556 2032 labellae‚
596 1958 755 2035 juxta
799 1957 957 2034 cujus
1005 1958 1199 2014 hortos
1243 1957 1532 2030 tendebat,
1579 1959 1916 2035 proniorem.
1965 1957 2065 2016 Illa

321 2080 569 2139 quoque,
598 2080 798 2116 verene
824 2080 897 2116 an
922 2055 1085 2130 falso,
1107 2079 1207 2136 per
1234 2055 1536 2115 ludibrium
1568 2059 1938 2136 jactabantur,
1961 2081 2062 2139 ap-

320 2165 500 2242 posita
557 2161 793 2218 lautiore
848 2181 1005 2218 coena
1060 2161 1394 2239 ingemuisse
1447 2182 1576 2217 eum
1602 2183 1617 2234 3
1665 2174 1721 2218 et
1780 2162 2064 2219 ordinario

323 2263 548 2342 quidem
607 2262 974 2340 dispensatori
999 2305 1014 2333 ,
1059 2262 1376 2318 breviarum
1430 2263 1712 2319 rationum
1768 2263 2023 2322 offerenti
2048 2309 2064 2333 ‚

302 2363 667 2444 paropsidem
703 2362 996 2441 leguminis
1035 2383 1140 2441 pro
1178 2361 1478 2419 sedulitate
1505 2384 1570 2420 ac
1609 2362 1894 2443 diligentia
1928 2386 2061 2443 por-

319 2467 558 2537 rexisse3
589 2467 745 2523 Cano
772 2476 957 2520 autem
991 2462 1296 2536 choraulae,
1334 2465 1471 2533 mire
1504 2462 1783 2542 placenti,
1809 2465 2065 2522 denarios

321 2568 568 2644 quinque
599 2565 865 2638 donasse,
898 2562 1143 2642 prolatos
1178 2584 1347 2621 manu
1383 2586 1482 2621 sua
1512 2586 1541 2621 e
1571 2565 1942 2644 peculiaribus
1978 2566 2063 2623 lo-

323 2666 459 2724 culis
488 2669 617 2724 suis.

401 2771 557 2826 XIII.
593 2770 783 2842 Quare
821 2768 1090 2825 adventus
1127 2770 1243 2847 ejus
1284 2791 1396 2826 non
1434 2770 1663 2847 perinde
1703 2783 1892 2849 gratus
1927 2771 2063 2841 fuit,

325 2871 490 2948 idque
522 2870 775 2948 proximo
806 2869 1121 2949 spectaculo
1155 2872 1413 2948 apparuit
1444 2894 1455 2927 :
1491 2872 1764 2949 siquidem
1796 2872 2065 2930 Atellanis

327 2973 673 3029 notissimum
692 2972 969 3028 canticum
988 2972 1196 3028 exorsis
1211 3014 1225 3043 ,
1249 2973 1484 3041 «Venit,
1507 2970 1588 3030 io!
1615 2974 1798 3030 Simus
1813 2994 1843 3030 a
1863 2972 1991 3030 villa
2006 2997 2021 3047 3
2039 2999 2065 3027 ι)

326 3075 512 3131 cuncti
534 3072 694 3130 simul
721 3084 1055 3151 spectatores
1083 3073 1460 3130 consentiente
1484 3094 1621 3129 voce
1645 3073 1912 3151 reliquam
1941 3096 2067 3153 par-

328 3189 435 3231 tem
473 3174 816 3248 retulerunt;
849 3196 912 3232 ac
944 3176 1139 3253 saepius
1167 3196 1329 3234 versu
1359 3175 1597 3254 repetito
1630 3189 1875 3253 egerunt.

406 3279 554 3334 XIV.
576 3277 790 3354 Majore
819 3275 956 3333 adeo
977 3288 1031 3333 et
1052 3275 1239 3335 favore
1265 3289 1317 3333 et
1342 3278 1670 3334 auctoritate
1692 3276 1925 3356 adeptus
1955 3292 2032 3336 cst
2049 3324 2064 3352 ,
