2372 3918
782 199 845 243 IN
878 197 1183 244 Tmsslumu
1218 199 1540 246 NERONEM.
1916 204 2002 250 231

311 293 572 341 Cmubon.
596 293 645 339 in
660 294 785 340 hunc
807 294 999 340 modum
1025 310 1036 338 t

508 447 556 490 Et
580 449 635 504 μὴ
659 448 873 503 τυραννιῖς,
902 447 1052 496 τέκνον,
1085 442 1314 489 &santanae
1338 443 1483 496 δοκιῖς.

310 582 558 644 Respicere
580 580 768 627 videtur
791 578 1009 627 Tiberius
1039 594 1204 626 vocem
1231 581 1414 628 Jasonis
1437 580 1566 642 apud
1597 581 1834 627 Aristotel.
1847 616 1861 640 ,
1890 582 2012 638 Poe..

311 674 399 718 111,
432 663 460 713 Ι.
494 673 506 702 z
543 663 627 707 Καὶ
648 658 722 706 διὰ
753 666 861 706 τοῦτ’
889 662 983 712 ἴσως
1007 653 1134 706 Ῐάσων
1157 664 1243 720 ἔφη·
1270 670 1423 721 παινῇν,
1445 665 1512 707 ὅτι
1537 665 1592 721 μὴ
1630 665 1830 722 τυράννοι·
1874 666 1923 712 ὥς
1947 667 2021 708 οὐκ.

311 741 573 797 ἐπιστάμενος
597 735 759 788 ἰδιώτης
782 734 891 782 εἶναι.

385 821 572 866 Vocare.
596 817 804 867 Subaud.
835 818 897 864 ad
925 833 1128 874 coenam,
1163 834 1245 864 seu
1267 818 1535 879 prandium.

373 880 571 941 Amessi.
607 894 664 940 H.
701 908 741 939 e.
779 893 1000 939 accusari.
1039 893 1215 952 Tacit.,
1249 897 1454 951 Annal.‚
1492 910 1559 953 xv,
1599 893 1656 950 54
1691 910 1703 939 ε
1734 896 1834 942 Nec
1862 903 2016 941 tamen

307 971 484 1017 Tiberii
504 985 599 1017 vox
623 985 781 1016 coram
806 978 985 1028 secuta,
1009 969 1093 1016 sed
1118 970 1345 1017 obversus
1369 971 1429 1016 ad
1453 980 1672 1029 matrem,
1695 971 1806 1016 Non
1829 970 2017 1028 mirum,

266 1037 271 1043 ’
308 1047 393 1104 ait,
425 1047 462 1093 si
494 1045 611 1108 quid
634 1045 839 1092 severius
865 1045 916 1091 in
945 1061 1045 1092 eam
1079 1047 1335 1105 statuisset,
1362 1062 1389 1093 a
1412 1062 1507 1109 qua
1537 1045 1752 1093 veneficii
1777 1046 2018 1094 insimula-

304 1132 447 1169 retur.
463 1143 487 1164 ι

373 1202 717 1246 Penes-eructum.
739 1200 959 1260 Nempea
991 1199 1176 1259 Sejano.
1212 1199 1282 1246 Cf.
1309 1202 1499 1258 Taena,
1529 1203 1558 1246 1.
1595 1216 1635 1246 c.

369 1281 631 1323 Inseceatus
653 1286 734 1322 est.
764 1275 949 1333 ,Tacit.,
989 1279 1161 1322 Annal.
1178 1310 1193 1332 ‚
1229 1293 1297 1334 w,
1332 1276 1391 1323 25
1429 1295 1440 1322 ε
1477 1298 1498 1318 «ι
1514 1277 1769 1323 Enimvero
1801 1276 2020 1324 Tiberius

306 1353 566 1400 foedissimis
620 1352 1024 1399 criminationibus
1069 1354 1268 1412 exarsit,
1308 1353 1649 1415 impudicitiam
1694 1368 1920 1416 arguens,
1973 1363 2019 1400 et

305 1430 512 1476 Asinium
561 1430 747 1476 Gallum
792 1429 1088 1487 adulterum,
1133 1430 1331 1491 ejusque
1373 1440 1527 1476 morte
1573 1428 1633 1476 ad
1684 1430 1875 1477 taedium
1913 1428 2020 1475 vitae

305 1509 591 1568 compulsam
608 1541 620 1563 ,
647 1515 735 1552 etc.
759 1525 779 1546 υ

373 1595 638 1656 Imputaoit.
669 1595 727 1640 Η.
761 1609 800 1639 e.
834 1609 925 1654 pro
948 1608 1119 1656 magno
1153 1591 1388 1640 beneficio
1421 1594 1585 1640 haberi
1617 1594 1781 1640 voluit.
1814 1593 1885 1640 Cf.
1923 1594 2019 1640 c·-

304 1686 526 1727 smnou„
548 1669 598 1715 in
627 1670 673 1715 h.
704 1670 733 1714 l.
745 1687 759 1728 3
796 1671 989 1715 Duun.
1022 1670 1080 1715 ad
1121 1671 1274 1728 Flor.‚
1310 1687 1377 1727 nr,
1414 1685 1497 1728 ια,
1536 1668 1613 1716 62.
1645 1671 1717 1715 De
1748 1684 1800 1715 re
1831 1667 1897 1715 sic
1924 1670 2020 1715 Ta-

306 1746 406 1803 cit.,
434 1748 604 1792 Annal.
621 1779 637 1802 ,
662 1762 712 1791 v1
730 1779 743 1802 ,
771 1745 830 1791 25
867 1761 879 1790 :
915 1764 940 1786 α
962 1747 1261 1807 lactan-itque
1293 1746 1429 1807 quod
1459 1763 1558 1792 non
1595 1747 1768 1806 laqueo
1800 1754 2019 1808 strangu-

308 1823 423 1881 lata,
446 1837 604 1883 neque
628 1821 677 1867 in
700 1820 952 1868 Gemonias
973 1822 1187 1882 projecta
1211 1823 1347 1868 foret.
1377 1844 1396 1863 »

369 1913 629 1956 Decretum.
653 1910 821 1967 Tacit.,
845 1910 875 1954 1.
900 1926 939 1956 c.
973 1926 984 1954 ε
1010 1905 1176 1956 «Ἀοῑεε
1203 1910 1266 1954 ob
1301 1910 1352 1956 id
1386 1919 1561 1972 grates,
1595 1910 1931 1970 decretumque
1967 1917 2020 1954 ut

303 2003 365 2033 xv
389 1986 480 2033 kal.
506 1987 752 2033 novembr.
778 1986 1024 2047 utriusque
1058 1986 1186 2032 necis
1210 1986 1287 2032 die
1303 2022 1316 2044 ,
1343 2002 1432 2048 per
1455 2002 1616 2032 omnes
1643 2000 1812 2043 annos,
1837 1984 2019 2031 donum

303 2066 329 2110 J
332 2064 410 2110 ovi
432 2073 706 2110 sacraretur.
724 2085 744 2106 »

367 2140 569 2187 Donum.
608 2142 681 2187 Sc.
723 2142 945 2203 clypeum·
982 2155 1203 2198 aureum,
1251 2140 1452 2186 docente
1490 2140 1663 2200 Spon.,
1700 2139 1835 2184 Misc.
1874 2137 2019 2184 Erud.

303 2221 443 2271 Ant„
468 2225 579 2263 sect.
606 2223 662 2276 4,
683 2233 732 2278 p.
763 2218 868 2273 154.

369 2302 479 2349 Cn.
525 2303 653 2350 le.
704 2303 944 2349 Tiberium.
993 2302 1287 2364 Cognomine
1332 2303 1601 2348 Gemellum.
1645 2300 1837 2361 Ioseph.
1851 2334 1866 2357 ,
1908 2303 2017 2345 Am.

302 2380 410 2425 sad·
426 2412 443 2434 ι
474 2394 604 2425 xvm
618 2414 633 2439 9
660 2379 689 2426 8
718 2394 731 2425 2
755 2399 774 2421 ‘¹
791 2388 877 2437 Υἱὸς
899 2383 948 2429 δὲ
974 2387 1116 2430 τούτου
1143 2387 1407 2430 κατιλιίπιτο
1431 2383 1609 2442 Τιὸίριος
1626 2385 1935 2441 ἐπικαλοὺμινος
1948 2385 2020 2426 Γέ-

306 2467 453 2520 μιλλος.

374 2543 733 2590 Commendavit.
764 2544 922 2590 Verba
959 2544 1020 2590 ad
1049 2547 1098 2590 P.
1131 2546 1182 2591 C.
1215 2544 1358 2591 refert
1389 2543 1536 2590 Tacit.
1554 2578 1567 2602 ,
1596 2544 1774 2588 Annal.
1792 2573 1808 2596 ‚
1840 2556 1905 2596 iv,
1941 2541 1969 2587 8
2007 2557 2017 2584 :

304 2641 324 2662 α
340 2623 500 2669 Patres
532 2620 807 2682 conscripti,
830 2621 918 2667 hos
940 2621 1136 2667 orbatos
1167 2629 1425 2683 parente....
1457 2620 1518 2667 ad
1541 2618 1881 2681 rempublicam
1903 2631 2015 2678 per-

306 2698 495 2744 tineant.
522 2719 542 2742 n

380 2776 611 2823 Tirocinii.
636 2775 765 2834 Quid
787 2775 927 2821 fuerit
958 2775 1248 2832 tirocinium,
1271 2775 1379 2821 vide
1414 2790 1516 2835 sup.
1543 2777 1663 2835 Aug.
1677 2808 1691 2829 ,
1718 2789 1849 2819 xxvi.

371 2865 521 2910 Auno.
546 2867 604 2912 A.
630 2868 689 2913 U.
718 2880 826 2924 777.
858 2865 926 2911 Cf.
954 2864 1129 2921 Tacit.,
1154 2865 1357 2917 AnnaL,
1383 2879 1449 2920 xv,
1480 2879 1550 2921 ¹7·

371 2953 615 3000 Subducta.
644 2954 820 3011 Tacit.,
845 2954 1019 2998 Annal.
1036 2986 1050 3007 ‚
1071 2969 1145 3010 vx,
1172 2952 1230 2998 23
1261 2968 1272 2996 :
1302 2970 1322 2991 «
1340 2951 1523 2996 Drusus
1554 2950 1725 2996 deinde
1759 2948 2021 3007 exstingui-

306 3038 399 3085 tur,
424 3045 573 3090 quum
611 3045 658 3075 se
692 3029 966 3075 miserandis
995 3028 1243 3084 alimentis,
1276 3026 1544 3072 mandendo
1576 3041 1600 3071 e
1632 3026 1776 3072 cubili
1810 3034 2019 3070 tomento

307 3111 484 3151 nonum
507 3106 568 3151 ad
601 3106 725 3152 diem
762 3105 1049 3151 detinuisset.
1080 3125 1100 3148 »ι

375 3183 613 3243 Reliquias
645 3183 896 3242 dispersus.
924 3181 1067 3226 Aliter
1090 3182 1207 3238 Dio,
1233 3198 1380 3239 min,
1412 3199 1459 3243 p.
1489 3178 1583 3226 635
1612 3197 1622 3224 ε
1655 3199 1673 3219 n
1691 3177 1831 3235 ἡςιαὶ
1856 3186 2020 3232 imino:
