<?xml version="1.0" encoding="UTF-8"?>
<!DOCTYPE html PUBLIC "-//W3C//DTD XHTML 1.0 Transitional//EN"
    "http://www.w3.org/TR/xhtml1/DTD/xhtml1-transitional.dtd">
<html xmlns="http://www.w3.org/1999/xhtml" xml:lang="en" lang="en">
 <head>
  <title>
</title>
<meta http-equiv="Content-Type" content="text/html;charset=utf-8" />
  <meta name='ocr-system' content='tesseract 3.04.00' />
  <meta name='ocr-capabilities' content='ocr_page ocr_carea ocr_par ocr_line ocrx_word'/>
</head>
<body>
  <div class='ocr_page' id='page_1' title='image "./operasuet00suetuoft_0148.png"; bbox 0 0 2372 3918; ppageno 0'>
   <div class='ocr_carea' id='block_1_1' title="bbox 320 262 1360 308">
    <p class='ocr_par' dir='ltr' id='par_1_1' title="bbox 320 262 1360 308">
     <span class='ocr_line' id='line_1_1' title="bbox 320 262 1360 308; baseline 0.002 -4"><span class='ocrx_word' id='word_1_1' title='bbox 320 275 339 304; x_wconf 78' lang='grc' dir='ltr'>ι</span> <span class='ocrx_word' id='word_1_2' title='bbox 353 277 409 304; x_wconf 79' lang='lat'><strong>20</strong></span> <span class='ocrx_word' id='word_1_3' title='bbox 989 263 1035 307; x_wconf 84' lang='lat' dir='ltr'><strong>C.</strong></span> <span class='ocrx_word' id='word_1_4' title='bbox 1070 262 1360 308; x_wconf 83' lang='lat' dir='ltr'><strong>SUETONH</strong></span> 
     </span>
    </p>
   </div>
   <div class='ocr_carea' id='block_1_2' title="bbox 315 348 2134 3361">
    <p class='ocr_par' dir='ltr' id='par_1_2' title="bbox 315 348 2062 1851">
     <span class='ocr_line' id='line_1_2' title="bbox 316 348 2037 447; baseline -0.001 -26"><span class='ocrx_word' id='word_1_5' title='bbox 316 367 383 421; x_wconf 88' lang='lat' dir='ltr'><strong>de</strong></span> <span class='ocrx_word' id='word_1_6' title='bbox 403 366 638 443; x_wconf 82' lang='lat' dir='ltr'><strong>praemiis</strong></span> <span class='ocrx_word' id='word_1_7' title='bbox 655 366 1135 447; x_wconf 15' lang='lat' dir='ltr'><strong>,tyrannicidarum</strong></span> <span class='ocrx_word' id='word_1_8' title='bbox 1168 366 1516 422; x_wconf 87' lang='lat' dir='ltr'><strong>referendum</strong></span> <span class='ocrx_word' id='word_1_9' title='bbox 1543 366 1769 422; x_wconf 88' lang='lat' dir='ltr'><strong>censuit.</strong></span> <span class='ocrx_word' id='word_1_10' title='bbox 1795 348 2037 421; x_wconf 78' lang='lat' dir='ltr'><strong>Praetura</strong></span> 
     </span>
     <span class='ocr_line' id='line_1_3' title="bbox 317 465 2041 543; baseline -0.001 -24"><span class='ocrx_word' id='word_1_11' title='bbox 317 466 514 521; x_wconf 87' lang='lat' dir='ltr'><strong>deinde</strong></span> <span class='ocrx_word' id='word_1_12' title='bbox 547 466 799 540; x_wconf 85' lang='lat' dir='ltr'><strong>functuS,</strong></span> <span class='ocrx_word' id='word_1_13' title='bbox 833 488 1004 543; x_wconf 91' lang='lat' dir='ltr'><strong>quum</strong></span> <span class='ocrx_word' id='word_1_14' title='bbox 1035 467 1182 522; x_wconf 87' lang='lat' dir='ltr'><strong>exitu</strong></span> <span class='ocrx_word' id='word_1_15' title='bbox 1212 468 1341 522; x_wconf 88' lang='lat' dir='ltr'><strong>anni</strong></span> <span class='ocrx_word' id='word_1_16' title='bbox 1373 465 1643 522; x_wconf 80' lang='lat' dir='ltr'>discordia</span> <span class='ocrx_word' id='word_1_17' title='bbox 1668 467 1810 522; x_wconf 89' lang='lat' dir='ltr'><strong>inter</strong></span> <span class='ocrx_word' id='word_1_18' title='bbox 1829 465 2041 520; x_wconf 90' lang='lat' dir='ltr'><strong>Trium-</strong></span> 
     </span>
     <span class='ocr_line' id='line_1_4' title="bbox 315 565 2044 643; baseline -0.001 -22"><span class='ocrx_word' id='word_1_19' title='bbox 315 567 462 622; x_wconf 84' lang='lat' dir='ltr'>viros</span> <span class='ocrx_word' id='word_1_20' title='bbox 489 579 678 623; x_wconf 88' lang='lat' dir='ltr'><strong>exorta</strong></span> <span class='ocrx_word' id='word_1_21' title='bbox 700 579 867 638; x_wconf 81' lang='lat' dir='ltr'><strong>esset3</strong></span> <span class='ocrx_word' id='word_1_22' title='bbox 893 568 1117 622; x_wconf 87' lang='lat' dir='ltr'><strong>retentis</strong></span> <span class='ocrx_word' id='word_1_23' title='bbox 1150 565 1298 622; x_wconf 88' lang='lat' dir='ltr'><strong>ultra</strong></span> <span class='ocrx_word' id='word_1_24' title='bbox 1325 567 1538 643; x_wconf 88' lang='lat' dir='ltr'><strong>justum</strong></span> <span class='ocrx_word' id='word_1_25' title='bbox 1574 579 1790 643; x_wconf 90' lang='lat' dir='ltr'><strong>tempus</strong></span> <span class='ocrx_word' id='word_1_26' title='bbox 1820 565 2044 642; x_wconf 85' lang='lat' dir='ltr'><strong>insigni-</strong></span> 
     </span>
     <span class='ocr_line' id='line_1_5' title="bbox 316 665 2045 738; baseline -0.001 -16"><span class='ocrx_word' id='word_1_27' title='bbox 316 667 419 722; x_wconf 92' lang='lat' dir='ltr'><strong>bus</strong></span> <span class='ocrx_word' id='word_1_28' title='bbox 437 708 453 738; x_wconf 95' lang='lat'><strong>,</strong></span> <span class='ocrx_word' id='word_1_29' title='bbox 483 669 547 723; x_wconf 90' lang='lat' dir='ltr'><strong>L.</strong></span> <span class='ocrx_word' id='word_1_30' title='bbox 584 668 890 724; x_wconf 90' lang='lat' dir='ltr'><strong>Antonium</strong></span> <span class='ocrx_word' id='word_1_31' title='bbox 919 665 1199 722; x_wconf 89' lang='lat' dir='ltr'><strong>consulem</strong></span> <span class='ocrx_word' id='word_1_32' title='bbox 1219 711 1234 737; x_wconf 96' lang='lat'><strong>,</strong></span> <span class='ocrx_word' id='word_1_33' title='bbox 1267 667 1540 723; x_wconf 88' lang='lat' dir='ltr'><strong>triumviri</strong></span> <span class='ocrx_word' id='word_1_34' title='bbox 1569 666 1821 738; x_wconf 87' lang='lat' dir='ltr'><strong>fratrem,</strong></span> <span class='ocrx_word' id='word_1_35' title='bbox 1849 665 1915 720; x_wconf 90' lang='lat' dir='ltr'><strong>ad</strong></span> <span class='ocrx_word' id='word_1_36' title='bbox 1948 667 2045 720; x_wconf 89' lang='lat' dir='ltr'><strong>Pe-</strong></span> 
     </span>
     <span class='ocr_line' id='line_1_6' title="bbox 317 764 2047 841; baseline -0.002 -19"><span class='ocrx_word' id='word_1_37' title='bbox 317 769 523 823; x_wconf 84' lang='lat' dir='ltr'><strong>rusiam</strong></span> <span class='ocrx_word' id='word_1_38' title='bbox 573 778 790 823; x_wconf 89' lang='lat' dir='ltr'><strong>secutus</strong></span> <span class='ocrx_word' id='word_1_39' title='bbox 810 811 826 840; x_wconf 97' lang='lat'><strong>,</strong></span> <span class='ocrx_word' id='word_1_40' title='bbox 880 766 1156 823; x_wconf 87' lang='lat' dir='ltr'><strong>deditione</strong></span> <span class='ocrx_word' id='word_1_41' title='bbox 1195 765 1244 822; x_wconf 29' lang='lat' dir='ltr'><strong>a*</strong></span> <span class='ocrx_word' id='word_1_42' title='bbox 1271 768 1462 822; x_wconf 88' lang='lat' dir='ltr'><strong>ceteris</strong></span> <span class='ocrx_word' id='word_1_43' title='bbox 1507 767 1683 839; x_wconf 85' lang='lat' dir='ltr'><strong>facta,</strong></span> <span class='ocrx_word' id='word_1_44' title='bbox 1728 764 1875 822; x_wconf 92' lang='lat' dir='ltr'><strong>solus</strong></span> <span class='ocrx_word' id='word_1_45' title='bbox 1922 786 2047 841; x_wconf 89' lang='lat' dir='ltr'><strong>per-</strong></span> 
     </span>
     <span class='ocr_line' id='line_1_7' title="bbox 318 864 2046 944; baseline -0.001 -23"><span class='ocrx_word' id='word_1_46' title='bbox 318 868 516 922; x_wconf 85' lang='lat' dir='ltr'>mansit</span> <span class='ocrx_word' id='word_1_47' title='bbox 554 867 609 921; x_wconf 92' lang='lat' dir='ltr'><strong>in</strong></span> <span class='ocrx_word' id='word_1_48' title='bbox 650 867 936 943; x_wconf 91' lang='lat' dir='ltr'><strong>partibus,</strong></span> <span class='ocrx_word' id='word_1_49' title='bbox 975 887 1039 922; x_wconf 92' lang='lat' dir='ltr'><strong>ac</strong></span> <span class='ocrx_word' id='word_1_50' title='bbox 1080 867 1258 944; x_wconf 90' lang='lat' dir='ltr'><strong>primo</strong></span> <span class='ocrx_word' id='word_1_51' title='bbox 1285 870 1579 938; x_wconf 74' lang='lat' dir='ltr'><strong>Praeneste,</strong></span> <span class='ocrx_word' id='word_1_52' title='bbox 1616 867 1744 923; x_wconf 88' lang='lat' dir='ltr'><strong>inde</strong></span> <span class='ocrx_word' id='word_1_53' title='bbox 1777 864 2046 943; x_wconf 89' lang='lat' dir='ltr'><strong>Neapolin</strong></span> 
     </span>
     <span class='ocr_line' id='line_1_8' title="bbox 318 956 2049 1047; baseline -0.001 -25"><span class='ocrx_word' id='word_1_54' title='bbox 318 967 520 1038; x_wconf 80' lang='lat' dir='ltr'><strong>evasit3</strong></span> <span class='ocrx_word' id='word_1_55' title='bbox 557 968 834 1044; x_wconf 88' lang='lat' dir='ltr'><strong>servisque</strong></span> <span class='ocrx_word' id='word_1_56' title='bbox 868 967 938 1023; x_wconf 90' lang='lat' dir='ltr'><strong>ad</strong></span> <span class='ocrx_word' id='word_1_57' title='bbox 972 966 1179 1047; x_wconf 84' lang='lat' dir='ltr'>pileum</span> <span class='ocrx_word' id='word_1_58' title='bbox 1215 968 1419 1024; x_wconf 89' lang='lat' dir='ltr'><strong>frustra</strong></span> <span class='ocrx_word' id='word_1_59' title='bbox 1452 956 1690 1040; x_wconf 84' lang='lat' dir='ltr'><strong>vocatiS,</strong></span> <span class='ocrx_word' id='word_1_60' title='bbox 1723 969 1780 1024; x_wconf 93' lang='lat' dir='ltr'><strong>in</strong></span> <span class='ocrx_word' id='word_1_61' title='bbox 1811 965 2049 1024; x_wconf 90' lang='lat' dir='ltr'><strong>Siciliam</strong></span> 
     </span>
     <span class='ocr_line' id='line_1_9' title="bbox 318 1067 2051 1146; baseline 0.001 -24"><span class='ocrx_word' id='word_1_62' title='bbox 318 1067 580 1144; x_wconf 87' lang='lat' dir='ltr'><strong>profugit.</strong></span> <span class='ocrx_word' id='word_1_63' title='bbox 623 1069 729 1124; x_wconf 87' lang='lat' dir='ltr'><strong>Sed</strong></span> <span class='ocrx_word' id='word_1_64' title='bbox 768 1068 992 1146; x_wconf 83' lang='lat' dir='ltr'><strong>indigne</strong></span> <span class='ocrx_word' id='word_1_65' title='bbox 1029 1068 1234 1143; x_wconf 85' lang='lat' dir='ltr'><strong>ferens,</strong></span> <span class='ocrx_word' id='word_1_66' title='bbox 1265 1091 1367 1126; x_wconf 89' lang='lat' dir='ltr'><strong>nec</strong></span> <span class='ocrx_word' id='word_1_67' title='bbox 1399 1070 1582 1126; x_wconf 84' lang='lat' dir='ltr'><strong>statim</strong></span> <span class='ocrx_word' id='word_1_68' title='bbox 1611 1090 1667 1125; x_wconf 90' lang='lat' dir='ltr'><strong>se</strong></span> <span class='ocrx_word' id='word_1_69' title='bbox 1699 1071 1755 1125; x_wconf 90' lang='lat' dir='ltr'><strong>in</strong></span> <span class='ocrx_word' id='word_1_70' title='bbox 1788 1089 2051 1146; x_wconf 88' lang='lat' dir='ltr'><strong>conspec-</strong></span> 
     </span>
     <span class='ocr_line' id='line_1_10' title="bbox 322 1169 2053 1247; baseline 0.001 -25"><span class='ocrx_word' id='word_1_71' title='bbox 322 1177 440 1222; x_wconf 92' lang='lat' dir='ltr'><strong>tum</strong></span> <span class='ocrx_word' id='word_1_72' title='bbox 456 1170 578 1224; x_wconf 84' lang='lat' dir='ltr'><strong>Sex.</strong></span> <span class='ocrx_word' id='word_1_73' title='bbox 599 1170 848 1247; x_wconf 91' lang='lat' dir='ltr'><strong>Pompeii</strong></span> <span class='ocrx_word' id='word_1_74' title='bbox 865 1169 1194 1243; x_wconf 90' lang='lat' dir='ltr'><strong>admissum,</strong></span> <span class='ocrx_word' id='word_1_75' title='bbox 1222 1183 1277 1226; x_wconf 93' lang='lat' dir='ltr'><strong>et</strong></span> <span class='ocrx_word' id='word_1_76' title='bbox 1303 1171 1532 1227; x_wconf 89' lang='lat' dir='ltr'><strong>fascium</strong></span> <span class='ocrx_word' id='word_1_77' title='bbox 1555 1191 1658 1227; x_wconf 91' lang='lat' dir='ltr'><strong>usu</strong></span> <span class='ocrx_word' id='word_1_78' title='bbox 1678 1169 2019 1247; x_wconf 87' lang='lat' dir='ltr'><strong>prohibitum</strong></span> <span class='ocrx_word' id='word_1_79' title='bbox 2038 1211 2053 1240; x_wconf 94' lang='lat'><strong>,</strong></span> 
     </span>
     <span class='ocr_line' id='line_1_11' title="bbox 320 1266 2056 1348; baseline 0.001 -26"><span class='ocrx_word' id='word_1_80' title='bbox 320 1266 390 1322; x_wconf 92' lang='lat' dir='ltr'><strong>ad</strong></span> <span class='ocrx_word' id='word_1_81' title='bbox 426 1271 505 1325; x_wconf 90' lang='lat' dir='ltr'><strong>M.</strong></span> <span class='ocrx_word' id='word_1_82' title='bbox 550 1271 858 1326; x_wconf 92' lang='lat' dir='ltr'><strong>Antonium</strong></span> <span class='ocrx_word' id='word_1_83' title='bbox 892 1272 1106 1348; x_wconf 84' lang='lat' dir='ltr'><strong>trajecit</strong></span> <span class='ocrx_word' id='word_1_84' title='bbox 1139 1273 1196 1326; x_wconf 91' lang='lat' dir='ltr'><strong>in</strong></span> <span class='ocrx_word' id='word_1_85' title='bbox 1229 1272 1508 1330; x_wconf 87' lang='lat' dir='ltr'><strong>Achaiam.</strong></span> <span class='ocrx_word' id='word_1_86' title='bbox 1547 1274 1692 1328; x_wconf 88' lang='lat' dir='ltr'><strong>Cum</strong></span> <span class='ocrx_word' id='word_1_87' title='bbox 1725 1291 1865 1346; x_wconf 76' lang='lat' dir='ltr'><strong>qUO,</strong></span> <span class='ocrx_word' id='word_1_88' title='bbox 1900 1270 2056 1325; x_wconf 89' lang='lat' dir='ltr'><strong>brevi</strong></span> 
     </span>
     <span class='ocr_line' id='line_1_12' title="bbox 320 1368 2058 1449; baseline 0.002 -26"><span class='ocrx_word' id='word_1_89' title='bbox 320 1368 669 1425; x_wconf 86' lang='lat' dir='ltr'><strong>reconciliata</strong></span> <span class='ocrx_word' id='word_1_90' title='bbox 703 1371 846 1427; x_wconf 88' lang='lat' dir='ltr'><strong>inter</strong></span> <span class='ocrx_word' id='word_1_91' title='bbox 882 1392 1074 1428; x_wconf 92' lang='lat' dir='ltr'><strong>omnes</strong></span> <span class='ocrx_word' id='word_1_92' title='bbox 1103 1393 1263 1449; x_wconf 90' lang='lat' dir='ltr'><strong>pace,</strong></span> <span class='ocrx_word' id='word_1_93' title='bbox 1298 1376 1534 1428; x_wconf 86' lang='lat' dir='ltr'>Romam</span> <span class='ocrx_word' id='word_1_94' title='bbox 1570 1371 1765 1444; x_wconf 85' lang='lat' dir='ltr'><strong>rediit,</strong></span> <span class='ocrx_word' id='word_1_95' title='bbox 1803 1391 2058 1426; x_wconf 87' lang='lat' dir='ltr'><strong>uxorem-</strong></span> 
     </span>
     <span class='ocr_line' id='line_1_13' title="bbox 323 1470 2060 1549; baseline 0 -24"><span class='ocrx_word' id='word_1_96' title='bbox 323 1490 430 1545; x_wconf 87' lang='lat' dir='ltr'><strong>que</strong></span> <span class='ocrx_word' id='word_1_97' title='bbox 464 1471 681 1526; x_wconf 88' lang='lat' dir='ltr'><strong>Liviam</strong></span> <span class='ocrx_word' id='word_1_98' title='bbox 718 1471 1051 1545; x_wconf 85' lang='lat' dir='ltr'><strong>Drusillam,</strong></span> <span class='ocrx_word' id='word_1_99' title='bbox 1085 1485 1140 1528; x_wconf 90' lang='lat' dir='ltr'><strong>et</strong></span> <span class='ocrx_word' id='word_1_100' title='bbox 1171 1483 1306 1528; x_wconf 89' lang='lat' dir='ltr'><strong>tunc</strong></span> <span class='ocrx_word' id='word_1_101' title='bbox 1339 1470 1651 1549; x_wconf 87' lang='lat' dir='ltr'><strong>gravidam,</strong></span> <span class='ocrx_word' id='word_1_102' title='bbox 1685 1483 1741 1526; x_wconf 92' lang='lat' dir='ltr'><strong>et</strong></span> <span class='ocrx_word' id='word_1_103' title='bbox 1782 1481 1909 1526; x_wconf 90' lang='lat' dir='ltr'><strong>ante</strong></span> <span class='ocrx_word' id='word_1_104' title='bbox 1945 1470 2060 1546; x_wconf 90' lang='lat' dir='ltr'><strong>jam</strong></span> 
     </span>
     <span class='ocr_line' id='line_1_14' title="bbox 324 1570 2061 1651; baseline 0.001 -26"><span class='ocrx_word' id='word_1_105' title='bbox 324 1571 474 1646; x_wconf 89' lang='lat' dir='ltr'><strong>apud</strong></span> <span class='ocrx_word' id='word_1_106' title='bbox 513 1591 568 1627; x_wconf 94' lang='lat' dir='ltr'><strong>se</strong></span> <span class='ocrx_word' id='word_1_107' title='bbox 605 1570 784 1627; x_wconf 89' lang='lat' dir='ltr'><strong>filium</strong></span> <span class='ocrx_word' id='word_1_108' title='bbox 821 1573 1067 1647; x_wconf 83' lang='lat' dir='ltr'><strong>enixam,</strong></span> <span class='ocrx_word' id='word_1_109' title='bbox 1102 1574 1311 1651; x_wconf 92' lang='lat' dir='ltr'><strong>petenti</strong></span> <span class='ocrx_word' id='word_1_110' title='bbox 1343 1575 1596 1650; x_wconf 85' lang='lat' dir='ltr'><strong>Augusto</strong></span> <span class='ocrx_word' id='word_1_111' title='bbox 1627 1571 1909 1628; x_wconf 84' lang='lat' dir='ltr'><strong>concessit.</strong></span> <span class='ocrx_word' id='word_1_112' title='bbox 1940 1572 2061 1628; x_wconf 89' lang='lat' dir='ltr'><strong>Nec</strong></span> 
     </span>
     <span class='ocr_line' id='line_1_15' title="bbox 327 1670 2062 1751; baseline 0.001 -25"><span class='ocrx_word' id='word_1_113' title='bbox 327 1670 504 1727; x_wconf 90' lang='lat' dir='ltr'><strong>multo</strong></span> <span class='ocrx_word' id='word_1_114' title='bbox 551 1685 678 1749; x_wconf 90' lang='lat' dir='ltr'><strong>post</strong></span> <span class='ocrx_word' id='word_1_115' title='bbox 723 1673 869 1730; x_wconf 93' lang='lat' dir='ltr'><strong>diem</strong></span> <span class='ocrx_word' id='word_1_116' title='bbox 909 1674 1081 1745; x_wconf 86' lang='lat' dir='ltr'><strong>obiit,</strong></span> <span class='ocrx_word' id='word_1_117' title='bbox 1121 1686 1359 1751; x_wconf 88' lang='lat' dir='ltr'><strong>utroque</strong></span> <span class='ocrx_word' id='word_1_118' title='bbox 1403 1671 1702 1734; x_wconf 87' lang='lat' dir='ltr'><strong>liberorum</strong></span> <span class='ocrx_word' id='word_1_119' title='bbox 1743 1672 2062 1749; x_wconf 85' lang='lat' dir='ltr'><strong>superstite,</strong></span> 
     </span>
     <span class='ocr_line' id='line_1_16' title="bbox 325 1771 1233 1851; baseline 0.004 -25"><span class='ocrx_word' id='word_1_120' title='bbox 325 1771 549 1828; x_wconf 89' lang='lat' dir='ltr'><strong>Tiberio</strong></span> <span class='ocrx_word' id='word_1_121' title='bbox 578 1777 874 1851; x_wconf 91' lang='lat' dir='ltr'><strong>Drusoque</strong></span> <span class='ocrx_word' id='word_1_122' title='bbox 901 1775 1233 1832; x_wconf 62' lang='lat' dir='ltr'><strong>Neronibus</strong></span> 
     </span>
    </p>

    <p class='ocr_par' dir='ltr' id='par_1_3' title="bbox 329 1874 2134 2958">
     <span class='ocr_line' id='line_1_17' title="bbox 411 1874 2064 1952; baseline -0.002 -21"><span class='ocrx_word' id='word_1_123' title='bbox 411 1876 482 1931; x_wconf 91' lang='lat' dir='ltr'><strong>V.</strong></span> <span class='ocrx_word' id='word_1_124' title='bbox 519 1874 803 1931; x_wconf 90' lang='lat' dir='ltr'><strong>Tiberium</strong></span> <span class='ocrx_word' id='word_1_125' title='bbox 837 1875 1062 1952; x_wconf 90' lang='lat' dir='ltr'><strong>quidam</strong></span> <span class='ocrx_word' id='word_1_126' title='bbox 1095 1875 1303 1933; x_wconf 91' lang='lat' dir='ltr'><strong>Fundis</strong></span> <span class='ocrx_word' id='word_1_127' title='bbox 1341 1887 1537 1932; x_wconf 92' lang='lat' dir='ltr'><strong>natum</strong></span> <span class='ocrx_word' id='word_1_128' title='bbox 1581 1876 2064 1942; x_wconf 86' lang='lat' dir='ltr'><strong>existimaverunt,</strong></span> 
     </span>
     <span class='ocr_line' id='line_1_18' title="bbox 329 1975 2067 2055; baseline 0 -25"><span class='ocrx_word' id='word_1_129' title='bbox 329 1976 502 2031; x_wconf 86' lang='lat' dir='ltr'><strong>secuti</strong></span> <span class='ocrx_word' id='word_1_130' title='bbox 533 1975 709 2032; x_wconf 90' lang='lat' dir='ltr'><strong>levem</strong></span> <span class='ocrx_word' id='word_1_131' title='bbox 736 1977 1139 2053; x_wconf 88' lang='lat' dir='ltr'><strong>conjecturam,</strong></span> <span class='ocrx_word' id='word_1_132' title='bbox 1167 1977 1319 2055; x_wconf 91' lang='lat' dir='ltr'><strong>quod</strong></span> <span class='ocrx_word' id='word_1_133' title='bbox 1346 1990 1594 2035; x_wconf 89' lang='lat' dir='ltr'><strong>materna</strong></span> <span class='ocrx_word' id='word_1_134' title='bbox 1624 1978 1740 2054; x_wconf 89' lang='lat' dir='ltr'><strong>ejus</strong></span> <span class='ocrx_word' id='word_1_135' title='bbox 1772 1976 1894 2031; x_wconf 90' lang='lat' dir='ltr'><strong>avia</strong></span> <span class='ocrx_word' id='word_1_136' title='bbox 1917 1979 2067 2032; x_wconf 91' lang='lat' dir='ltr'><strong>Fun-</strong></span> 
     </span>
     <span class='ocr_line' id='line_1_19' title="bbox 330 2075 2134 2160; baseline 0 -29"><span class='ocrx_word' id='word_1_137' title='bbox 330 2075 474 2131; x_wconf 90' lang='lat' dir='ltr'><strong>dana</strong></span> <span class='ocrx_word' id='word_1_138' title='bbox 505 2076 704 2151; x_wconf 88' lang='lat' dir='ltr'><strong>fuerit,</strong></span> <span class='ocrx_word' id='word_1_139' title='bbox 741 2091 798 2134; x_wconf 90' lang='lat' dir='ltr'><strong>et</strong></span> <span class='ocrx_word' id='word_1_140' title='bbox 824 2078 974 2155; x_wconf 92' lang='lat' dir='ltr'><strong>quod</strong></span> <span class='ocrx_word' id='word_1_141' title='bbox 1002 2100 1131 2135; x_wconf 88' lang='lat' dir='ltr'><strong>mox</strong></span> <span class='ocrx_word' id='word_1_142' title='bbox 1160 2077 1512 2135; x_wconf 92' lang='lat' dir='ltr'><strong>simulacrum</strong></span> <span class='ocrx_word' id='word_1_143' title='bbox 1548 2077 1847 2134; x_wconf 89' lang='lat' dir='ltr'><strong>Felicitatis</strong></span> <span class='ocrx_word' id='word_1_144' title='bbox 1890 2097 1954 2132; x_wconf 83' lang='lat' dir='ltr'><strong>ex</strong></span> <span class='ocrx_word' id='word_1_145' title='bbox 1991 2096 2069 2131; x_wconf 87' lang='lat' dir='ltr'><strong>se·</strong></span> <span class='ocrx_word' id='word_1_146' title='bbox 2132 2158 2134 2160; x_wconf 27' lang='lat'><strong><em>‚</em></strong></span> 
     </span>
     <span class='ocr_line' id='line_1_20' title="bbox 330 2177 2067 2258; baseline 0 -26"><span class='ocrx_word' id='word_1_147' title='bbox 330 2179 751 2236; x_wconf 87' lang='lat' dir='ltr'><strong>natusconsulto</strong></span> <span class='ocrx_word' id='word_1_148' title='bbox 779 2179 1125 2258; x_wconf 86' lang='lat' dir='ltr'><strong>publicatum</strong></span> <span class='ocrx_word' id='word_1_149' title='bbox 1158 2180 1234 2235; x_wconf 89' lang='lat' dir='ltr'><strong>ibi</strong></span> <span class='ocrx_word' id='word_1_150' title='bbox 1266 2181 1350 2236; x_wconf 89' lang='lat' dir='ltr'><strong>sit.</strong></span> <span class='ocrx_word' id='word_1_151' title='bbox 1377 2179 1486 2237; x_wconf 93' lang='lat' dir='ltr'><strong>Sed</strong></span> <span class='ocrx_word' id='word_1_152' title='bbox 1504 2223 1519 2252; x_wconf 93' lang='lat'><strong>,</strong></span> <span class='ocrx_word' id='word_1_153' title='bbox 1549 2191 1613 2235; x_wconf 87' lang='lat' dir='ltr'><strong>ut</strong></span> <span class='ocrx_word' id='word_1_154' title='bbox 1648 2178 1836 2255; x_wconf 91' lang='lat' dir='ltr'><strong>plures</strong></span> <span class='ocrx_word' id='word_1_155' title='bbox 1866 2177 2067 2234; x_wconf 88' lang='lat' dir='ltr'><strong>certio-</strong></span> 
     </span>
     <span class='ocr_line' id='line_1_21' title="bbox 330 2277 2068 2355; baseline -0.001 -21"><span class='ocrx_word' id='word_1_156' title='bbox 330 2299 527 2355; x_wconf 89' lang='lat' dir='ltr'><strong>resque</strong></span> <span class='ocrx_word' id='word_1_157' title='bbox 563 2280 791 2336; x_wconf 90' lang='lat' dir='ltr'><strong>tradunt</strong></span> <span class='ocrx_word' id='word_1_158' title='bbox 807 2324 822 2354; x_wconf 94' lang='lat'><strong>,</strong></span> <span class='ocrx_word' id='word_1_159' title='bbox 853 2294 1017 2338; x_wconf 91' lang='lat' dir='ltr'><strong>natus</strong></span> <span class='ocrx_word' id='word_1_160' title='bbox 1042 2294 1123 2338; x_wconf 88' lang='lat' dir='ltr'><strong>est</strong></span> <span class='ocrx_word' id='word_1_161' title='bbox 1143 2285 1336 2339; x_wconf 85' lang='lat' dir='ltr'><strong>Romae</strong></span> <span class='ocrx_word' id='word_1_162' title='bbox 1357 2282 1414 2336; x_wconf 91' lang='lat' dir='ltr'><strong>in</strong></span> <span class='ocrx_word' id='word_1_163' title='bbox 1437 2278 1674 2350; x_wconf 83' lang='lat' dir='ltr'><strong>Palatio,</strong></span> <span class='ocrx_word' id='word_1_164' title='bbox 1704 2277 2068 2335; x_wconf 85' lang='lat' dir='ltr'><strong>sextodecimo</strong></span> 
     </span>
     <span class='ocr_line' id='line_1_22' title="bbox 329 2376 2071 2456; baseline 0 -24"><span class='ocrx_word' id='word_1_165' title='bbox 329 2376 593 2434; x_wconf 89' lang='lat' dir='ltr'><strong>kalendas</strong></span> <span class='ocrx_word' id='word_1_166' title='bbox 626 2379 963 2453; x_wconf 83' lang='lat' dir='ltr'><strong>decembriS,</strong></span> <span class='ocrx_word' id='word_1_167' title='bbox 999 2385 1078 2439; x_wconf 91' lang='lat' dir='ltr'><strong>M.</strong></span> <span class='ocrx_word' id='word_1_168' title='bbox 1109 2381 1331 2438; x_wconf 93' lang='lat' dir='ltr'><strong>AEmilio</strong></span> <span class='ocrx_word' id='word_1_169' title='bbox 1358 2380 1568 2456; x_wconf 91' lang='lat' dir='ltr'><strong>Lepido</strong></span> <span class='ocrx_word' id='word_1_170' title='bbox 1593 2381 1823 2450; x_wconf 88' lang='lat' dir='ltr'><strong>iterum,</strong></span> <span class='ocrx_word' id='word_1_171' title='bbox 1852 2380 1916 2433; x_wconf 95' lang='lat' dir='ltr'><strong>L.</strong></span> <span class='ocrx_word' id='word_1_172' title='bbox 1943 2379 2071 2433; x_wconf 90' lang='lat' dir='ltr'><strong>Mu-</strong></span> 
     </span>
     <span class='ocr_line' id='line_1_23' title="bbox 333 2477 2070 2559; baseline 0.001 -27"><span class='ocrx_word' id='word_1_173' title='bbox 333 2479 487 2534; x_wconf 90' lang='lat' dir='ltr'><strong>natio</strong></span> <span class='ocrx_word' id='word_1_174' title='bbox 522 2478 729 2536; x_wconf 89' lang='lat' dir='ltr'><strong>Planco</strong></span> <span class='ocrx_word' id='word_1_175' title='bbox 774 2481 1121 2554; x_wconf 80' lang='lat' dir='ltr'><strong>consulibUS,</strong></span> <span class='ocrx_word' id='word_1_176' title='bbox 1160 2492 1285 2559; x_wconf 87' lang='lat' dir='ltr'><strong>post</strong></span> <span class='ocrx_word' id='word_1_177' title='bbox 1322 2479 1528 2536; x_wconf 91' lang='lat' dir='ltr'><strong>bellum</strong></span> <span class='ocrx_word' id='word_1_178' title='bbox 1569 2477 1940 2556; x_wconf 89' lang='lat' dir='ltr'><strong>Philippense.</strong></span> <span class='ocrx_word' id='word_1_179' title='bbox 1980 2478 2070 2534; x_wconf 85' lang='lat' dir='ltr'><strong>Sic</strong></span> 
     </span>
     <span class='ocr_line' id='line_1_24' title="bbox 335 2579 2070 2658; baseline 0.001 -25"><span class='ocrx_word' id='word_1_180' title='bbox 335 2579 482 2633; x_wconf 92' lang='lat' dir='ltr'><strong>enim</strong></span> <span class='ocrx_word' id='word_1_181' title='bbox 520 2582 577 2635; x_wconf 87' lang='lat' dir='ltr'><strong>in</strong></span> <span class='ocrx_word' id='word_1_182' title='bbox 617 2580 785 2635; x_wconf 89' lang='lat' dir='ltr'><strong>fastos</strong></span> <span class='ocrx_word' id='word_1_183' title='bbox 819 2592 1049 2658; x_wconf 89' lang='lat' dir='ltr'><strong>actaque</strong></span> <span class='ocrx_word' id='word_1_184' title='bbox 1083 2579 1305 2658; x_wconf 89' lang='lat' dir='ltr'><strong>publica</strong></span> <span class='ocrx_word' id='word_1_185' title='bbox 1339 2580 1576 2636; x_wconf 90' lang='lat' dir='ltr'><strong>relatum</strong></span> <span class='ocrx_word' id='word_1_186' title='bbox 1603 2591 1701 2635; x_wconf 90' lang='lat' dir='ltr'><strong>est.</strong></span> <span class='ocrx_word' id='word_1_187' title='bbox 1735 2581 1853 2637; x_wconf 91' lang='lat' dir='ltr'><strong>Nec</strong></span> <span class='ocrx_word' id='word_1_188' title='bbox 1885 2592 2070 2635; x_wconf 91' lang='lat' dir='ltr'><strong>tamen</strong></span> 
     </span>
     <span class='ocr_line' id='line_1_25' title="bbox 337 2674 2069 2759; baseline 0.001 -26"><span class='ocrx_word' id='word_1_189' title='bbox 337 2678 566 2752; x_wconf 90' lang='lat' dir='ltr'><strong>desunt,</strong></span> <span class='ocrx_word' id='word_1_190' title='bbox 597 2681 692 2756; x_wconf 91' lang='lat' dir='ltr'><strong>qui</strong></span> <span class='ocrx_word' id='word_1_191' title='bbox 723 2681 927 2759; x_wconf 93' lang='lat' dir='ltr'><strong>partim</strong></span> <span class='ocrx_word' id='word_1_192' title='bbox 960 2679 1317 2737; x_wconf 90' lang='lat' dir='ltr'><strong>antecedente</strong></span> <span class='ocrx_word' id='word_1_193' title='bbox 1351 2701 1532 2753; x_wconf 80' lang='lat' dir='ltr'><strong>anne,</strong></span> <span class='ocrx_word' id='word_1_194' title='bbox 1563 2674 1734 2736; x_wconf 90' lang='lat' dir='ltr'><strong>Hirtii</strong></span> <span class='ocrx_word' id='word_1_195' title='bbox 1766 2700 1830 2736; x_wconf 88' lang='lat' dir='ltr'><strong>ac</strong></span> <span class='ocrx_word' id='word_1_196' title='bbox 1854 2682 2069 2750; x_wconf 87' lang='lat' dir='ltr'><strong>Pansae,</strong></span> 
     </span>
     <span class='ocr_line' id='line_1_26' title="bbox 336 2779 2071 2857; baseline 0.001 -23"><span class='ocrx_word' id='word_1_197' title='bbox 336 2780 540 2855; x_wconf 92' lang='lat' dir='ltr'><strong>partim</strong></span> <span class='ocrx_word' id='word_1_198' title='bbox 579 2781 924 2857; x_wconf 88' lang='lat' dir='ltr'><strong>insequente,</strong></span> <span class='ocrx_word' id='word_1_199' title='bbox 965 2779 1181 2837; x_wconf 89' lang='lat' dir='ltr'><strong>Servilii</strong></span> <span class='ocrx_word' id='word_1_200' title='bbox 1221 2782 1451 2838; x_wconf 92' lang='lat' dir='ltr'><strong>Isaurici</strong></span> <span class='ocrx_word' id='word_1_201' title='bbox 1495 2781 1835 2857; x_wconf 90' lang='lat' dir='ltr'><strong>Antoniique</strong></span> <span class='ocrx_word' id='word_1_202' title='bbox 1873 2796 2071 2837; x_wconf 90' lang='lat' dir='ltr'><strong>consu-</strong></span> 
     </span>
     <span class='ocr_line' id='line_1_27' title="bbox 339 2863 2087 2958; baseline 0.003 -23"><span class='ocrx_word' id='word_1_203' title='bbox 339 2878 456 2936; x_wconf 92' lang='lat' dir='ltr'><strong>latu</strong></span> <span class='ocrx_word' id='word_1_204' title='bbox 473 2923 489 2951; x_wconf 91' lang='lat'><strong>,</strong></span> <span class='ocrx_word' id='word_1_205' title='bbox 524 2882 770 2958; x_wconf 88' lang='lat' dir='ltr'><strong>genitum</strong></span> <span class='ocrx_word' id='word_1_206' title='bbox 797 2903 922 2938; x_wconf 92' lang='lat' dir='ltr'><strong>eum</strong></span> <span class='ocrx_word' id='word_1_207' title='bbox 951 2882 1206 2939; x_wconf 88' lang='lat' dir='ltr'><strong>scribant.</strong></span> <span class='ocrx_word' id='word_1_208' title='bbox 2078 2863 2087 2876; x_wconf 36' lang='grc' dir='ltr'><strong>ὁ</strong></span> 
     </span>
    </p>

    <p class='ocr_par' dir='ltr' id='par_1_4' title="bbox 342 2974 2098 3361">
     <span class='ocr_line' id='line_1_28' title="bbox 420 2974 2072 3060; baseline -0.001 -25"><span class='ocrx_word' id='word_1_209' title='bbox 420 2983 518 3036; x_wconf 90' lang='lat' dir='ltr'><strong>VI.</strong></span> <span class='ocrx_word' id='word_1_210' title='bbox 548 2981 845 3038; x_wconf 87' lang='lat' dir='ltr'><strong>Infantiam</strong></span> <span class='ocrx_word' id='word_1_211' title='bbox 868 2983 1271 3060; x_wconf 89' lang='lat' dir='ltr'><strong>pueritiamque</strong></span> <span class='ocrx_word' id='word_1_212' title='bbox 1291 2974 1484 3038; x_wconf 85' lang='lat' dir='ltr'><strong>habuit</strong></span> <span class='ocrx_word' id='word_1_213' title='bbox 1506 2981 1833 3038; x_wconf 83' lang='lat' dir='ltr'><strong>laboriosam</strong></span> <span class='ocrx_word' id='word_1_214' title='bbox 1849 2993 1904 3037; x_wconf 90' lang='lat' dir='ltr'><strong>et</strong></span> <span class='ocrx_word' id='word_1_215' title='bbox 1924 3000 2072 3035; x_wconf 86' lang='lat' dir='ltr'><strong>exer-</strong></span> 
     </span>
     <span class='ocr_line' id='line_1_29' title="bbox 342 3080 2098 3160; baseline -0.002 -23"><span class='ocrx_word' id='word_1_216' title='bbox 342 3083 537 3152; x_wconf 88' lang='lat' dir='ltr'><strong>citam,</strong></span> <span class='ocrx_word' id='word_1_217' title='bbox 582 3104 764 3139; x_wconf 90' lang='lat' dir='ltr'><strong>comes</strong></span> <span class='ocrx_word' id='word_1_218' title='bbox 804 3096 1197 3160; x_wconf 89' lang='lat' dir='ltr'><strong>usquequaque</strong></span> <span class='ocrx_word' id='word_1_219' title='bbox 1233 3095 1527 3159; x_wconf 87' lang='lat' dir='ltr'><strong>parentum</strong></span> <span class='ocrx_word' id='word_1_220' title='bbox 1565 3082 1708 3160; x_wconf 87' lang='lat' dir='ltr'><strong>fugae</strong></span> <span class='ocrx_word' id='word_1_221' title='bbox 1739 3104 1752 3138; x_wconf 77' lang='lat' dir='ltr'><em>z</em></span> <span class='ocrx_word' id='word_1_222' title='bbox 1786 3102 1922 3158; x_wconf 91' lang='lat' dir='ltr'><strong>quos</strong></span> <span class='ocrx_word' id='word_1_223' title='bbox 1950 3080 2098 3156; x_wconf 53' lang='lat' dir='ltr'><strong>qui-*</strong></span> 
     </span>
     <span class='ocr_line' id='line_1_30' title="bbox 345 3180 2072 3261; baseline -0.002 -25"><span class='ocrx_word' id='word_1_224' title='bbox 345 3181 470 3237; x_wconf 91' lang='lat' dir='ltr'><strong>dem</strong></span> <span class='ocrx_word' id='word_1_225' title='bbox 506 3184 654 3260; x_wconf 92' lang='lat' dir='ltr'><strong>apud</strong></span> <span class='ocrx_word' id='word_1_226' title='bbox 691 3183 992 3261; x_wconf 88' lang='lat' dir='ltr'><strong>Neapolin,</strong></span> <span class='ocrx_word' id='word_1_227' title='bbox 1033 3183 1133 3239; x_wconf 92' lang='lat' dir='ltr'><strong>sub</strong></span> <span class='ocrx_word' id='word_1_228' title='bbox 1177 3184 1541 3260; x_wconf 88' lang='lat' dir='ltr'><strong>irruptionem</strong></span> <span class='ocrx_word' id='word_1_229' title='bbox 1581 3183 1753 3237; x_wconf 90' lang='lat' dir='ltr'><strong>hostis</strong></span> <span class='ocrx_word' id='word_1_230' title='bbox 1793 3180 2072 3257; x_wconf 86' lang='lat' dir='ltr'><strong>navigium</strong></span> 
     </span>
     <span class='ocr_line' id='line_1_31' title="bbox 344 3279 2071 3361; baseline 0 -28"><span class='ocrx_word' id='word_1_231' title='bbox 344 3280 483 3336; x_wconf 84' lang='lat' dir='ltr'><strong>clam</strong></span> <span class='ocrx_word' id='word_1_232' title='bbox 504 3296 775 3359; x_wconf 85' lang='lat' dir='ltr'><strong>petenteS,</strong></span> <span class='ocrx_word' id='word_1_233' title='bbox 801 3286 987 3360; x_wconf 83' lang='lat' dir='ltr'><strong>vagitu</strong></span> <span class='ocrx_word' id='word_1_234' title='bbox 1008 3305 1107 3339; x_wconf 89' lang='lat' dir='ltr'><strong>suo</strong></span> <span class='ocrx_word' id='word_1_235' title='bbox 1126 3304 1277 3359; x_wconf 84' lang='lat' dir='ltr'><strong>paene</strong></span> <span class='ocrx_word' id='word_1_236' title='bbox 1299 3286 1381 3340; x_wconf 85' lang='lat' dir='ltr'><strong>bis</strong></span> <span class='ocrx_word' id='word_1_237' title='bbox 1403 3282 1671 3361; x_wconf 69' lang='lat' dir='ltr'><strong>prodidit,</strong></span> <span class='ocrx_word' id='word_1_238' title='bbox 1695 3279 1876 3352; x_wconf 89' lang='lat' dir='ltr'><strong>semel,</strong></span> <span class='ocrx_word' id='word_1_239' title='bbox 1901 3300 2071 3356; x_wconf 87' lang='lat' dir='ltr'><strong>quum</strong></span> 
     </span>
    </p>
   </div>
   <div class='ocr_carea' id='block_1_3' title="bbox 2294 0 2372 3740">
    <p class='ocr_par' dir='ltr' id='par_1_5' title="bbox 2294 0 2372 3740">
     <span class='ocr_line' id='line_1_32' title="bbox 2294 0 2372 3740; baseline 0 0"><span class='ocrx_word' id='word_1_240' title='bbox 2294 0 2372 3740; x_wconf 95' lang='lat' dir='ltr'><strong> </strong></span> 
     </span>
    </p>
   </div>
  </div>
 </body>
</html>
