2372 3918
336 213 427 259 318
800 212 989 257 NOTAE
1025 213 1092 255 IN
1128 213 1563 259 DOMITIANUM.

336 317 399 356 τὸν
435 315 654 369 Στέφανον,
680 315 860 355 ἐπέκειτο
881 314 969 362 τοὺς
998 316 1214 371 ὀφθαλμοὺς
1238 315 1430 371 ὀρυττὼν,
1454 315 1521 356 καὶ
1545 314 1617 363 τὰς
1645 313 1811 370 παρειὰς
1831 311 2038 372 ξυντριὸων

338 391 505 447 πυθμένι
532 395 678 446 χρυσῆς
699 390 875 442 κύλικος,
899 408 935 432 κ..
959 408 996 431 τ.
1017 398 1052 432 λ.

410 458 631 503 Octobris.
662 459 719 503 A.
744 460 802 505 U.
830 459 939 519 849.

404 534 600 593 Phyllis.
649 535 761 579 Eam
802 533 1056 579 Domitiani
1093 549 1265 594 corpus
1302 534 1498 578 furatam
1537 549 1634 579 esse
1682 534 1795 579 dicit
1834 531 2044 593 xiphil.‚

338 627 469 655 LXVII
487 645 499 667 ‚
520 626 566 670 P·
602 609 695 667 768
726 626 737 654 ἓ
768 615 851 659 Καὶ
875 618 995 659 αὐτοῦ
1020 618 1065 659 τὸ
1100 622 1221 674 σῶμα.
1242 617 1380 666 Φυλλὶς
1403 619 1428 663 ἦ
1452 618 1589 674 τροφὸς
1610 616 1796 673 κλέψασα
1827 616 1983 671 ἔθαψεν.

402 689 555 731 Julioe.
580 688 652 731 De
677 687 763 732 hac
787 686 895 731 vide
922 702 1044 731 xxn.

403 765 513 808 CAP.
535 764 714 807 XVIII.
740 765 1116 809 Remacruerant.
1141 764 1199 807 H.
1224 777 1263 808 e.
1291 762 1350 808 ad
1372 763 1580 824 priorem
1594 762 1785 808 maciem
1801 762 2051 818 redierant.

404 848 492 901 οὐχ
515 846 644 902 ὁράᾳς,
665 840 736 883 Ex
759 839 951 883 Homeri
979 839 1170 892 Iliade,
1203 854 1314 893 xxi,
1347 840 1451 884 108.

408 917 515 960 Cn.
541 917 678 959 XIX.
709 916 986 959 Evaderent.
1016 914 1138 958 Vict.
1181 916 1335 975 Epz't.,
1377 932 1445 973 11,
1474 914 1500 960 5
1541 932 1551 960 ε
1592 934 1617 956 α
1643 915 1924 976 Sagittarum
1958 923 2052 958 tam

341 992 506 1037 doctus
539 989 648 1045 fuit,
674 999 726 1034 ut
753 990 875 1034 inter
897 999 1110 1049 patentes
1143 991 1318 1051 digitos
1353 1001 1548 1038 extentae
1577 1007 1743 1037 manus
1770 990 1862 1035 viri
1882 990 2054 1051 procul

339 1066 483 1128 positi
504 1065 679 1124 spicula
707 1066 1065 1110 transvolarent.
1092 1086 1111 1106 »

407 1143 513 1186 Cn.
540 1143 652 1187 XX.
681 1142 907 1186 curasset.
931 1144 1002 1186 Ita
1033 1142 1183 1200 Vict.‚
1215 1144 1244 1187 l.
1271 1159 1309 1187 c.

415 1219 778 1263 Commentarios
803 1228 849 1262 et
877 1228 1002 1262 acta.
1027 1244 1092 1253 ——
1122 1219 1487 1264 Commentarius
1513 1229 1580 1263 est
1604 1234 1746 1279 quem
1771 1218 1833 1270 de
1854 1217 1949 1262 vita
1974 1232 2060 1262 sua

342 1294 604 1340 summatim
643 1294 946 1355 breviterque
971 1295 1234 1355 composuit
1262 1295 1490 1340 Tiberius.
1515 1322 1579 1329 —
1609 1298 1730 1339 Acca
1763 1302 1920 1340 autem
1953 1304 2058 1338 acta

339 1371 544 1431 publica.

410 1448 596 1490 Metius.
624 1445 745 1489 Vide
777 1446 824 1487 V
818 1461 973 1505 espaS.
987 1479 1003 1501 ‚
1029 1462 1129 1503 xlv,
1157 1456 1202 1492 et
1223 1448 1394 1494 Domit.
1412 1481 1427 1502 ‚
1462 1463 1505 1491 x.

383 1523 518 1571 ,CAR
548 1524 684 1567 XXI.
717 1521 942 1578 Profhstis
969 1524 1142 1568 diebus.
1170 1509 1383 1569 Macrob.
1401 1558 1414 1581 ,
1448 1525 1544 1570 Sat.
1560 1557 1575 1578 ,
1611 1540 1650 1581 1,
1682 1523 1737 1567 16
1761 1537 1776 1569 ε
1807 1542 1827 1563 «
1846 1523 1996 1566 Numa
2010 1529 2065 1564 ut

346 1600 395 1643 in
419 1614 596 1643 menses
624 1603 826 1655 annum,
856 1598 920 1642 ita
948 1599 996 1642 in
1029 1599 1127 1643 dies
1151 1614 1358 1644 mensem
1384 1615 1622 1660 quemque
1647 1597 1910 1654 distribuit,
1934 1596 2063 1642 dies-

348 1690 441 1734 que
467 1690 628 1718 omnes
653 1683 734 1718 aut
766 1674 935 1731 festos,
965 1683 1046 1718 aut
1058 1674 1295 1735 profestos
1308 1708 1324 1730 ,
1352 1685 1437 1729 aut(
1454 1675 1699 1722 intercisos
1714 1674 1901 1719 vocavit
1925 1689 1935 1717 :
1961 1671 2067 1717 festi

348 1750 437 1794 diis
461 1749 602 1794 dicati
623 1758 756 1806 sunt,
770 1750 977 1810 profesti
996 1750 1288 1807 hominibus,
1314 1752 1378 1796 ob
1402 1751 1816 1796 administrandam
1840 1764 1941 1794 rem
1960 1747 2064 1808 pri-

349 1835 504 1870 vatam
551 1822 885 1886 publicamque
941 1827 1175 1884 concessi3
1216 1826 1424 1872 intercisi
1479 1828 1678 1879 deorum
1726 1826 2068 1884 hominumque

354 1916 620 1946 communes
645 1910 768 1945 sunt.
794 1922 813 1942 ›-

418 1977 688 2021 Anatianum
718 1980 907 2021 malum.
947 1979 1183 2031 Macrob.‚
1211 1979 1310 2023 Sat.
1325 2013 1340 2034 ‚
1373 1994 1442 2035 11,
1473 1977 1528 2022 15
1569 1994 1581 2022 :
1616 1979 1774 2023 «Sunt
1796 1984 1953 2021 autem
1982 1990 2067 2036 ge-

350 2069 463 2099 nera
495 2053 754 2110 malorum,
780 2053 1079 2109 Amerinum,
1104 2055 1389 2098 Matianum.
1415 2054 1538 2099 ».Cf.
1577 2056 1881 2109 Commu„
1912 2052 1971 2095 de
2003 2051 2071 2094 Re

353 2130 507 2182 Rasa,
531 2145 577 2185 v,
611 2145 655 2188 9.
687 2130 892 2173 Matium
927 2137 1261 2172 commemorat
1284 2128 1407 2172 Plin.
1429 2165 1441 2186 ‚
1478 2129 1534 2171 H.
1567 2129 1654 2181 N.,
1682 2143 1762 2185 xv,
1803 2133 1858 2181 14
1895 2141 1906 2170 :
1940 2125 2073 2182 «Qui

354 2204 534 2265 primus
566 2219 623 2248 ex
647 2203 852 2264 equestri
876 2204 1067 2260 ordine,
1093 2202 1189 2248 divi
1221 2203 1423 2266 Augusti
1451 2203 1648 2259 amicus,
1671 2202 1850 2248 invenit
1878 2215 2075 2247 nemora

356 2279 556 2324 tonsilia.
585 2299 605 2319 υ

425 2356 534 2400 CAP.
562 2355 719 2400 XXII.
749 2355 1040 2416 Cl-inopalen.
1065 2356 1189 2403 Vict.
1211 2356 1338 2416 Epic.
1356 2389 1369 2409 ‚
1408 2371 1447 2399 11
1465 2390 1478 2413 ‚
1519 2371 1543 2412 7
1576 2372 1586 2399 :
1614 2355 1830 2400 «Furens
1854 2351 2075 2408 libidine,

359 2430 492 2488 cujus
517 2430 695 2475 foedum
721 2431 993 2475 exercitium
1010 2433 1278 2477 Graecorum
1303 2431 1462 2492 lingua
1478 2438 1716 2483 κλινοπάλην
1741 2429 1957 2475 vocabat.
1980 2448 1999 2468 ›>

424 2509 698 2552 Develleret.
731 2509 788 2552 H.
815 2524 853 2552 e.
886 2508 1130 2568 depilaret.

428 2584 614 2627 Filiam.
645 2584 826 2643 Nempe
851 2584 1036 2629 Juliam.

428 2660 534 2703 CAP.
568 2660 747 2703 XXIII.
772 2661 1145 2718 Exspostulatisl
1167 2660 1236 2704 Cf.
1261 2661 1401 2704 Vlc‘r.
1421 2660 1551 2719 Epic.
1567 2692 1582 2714 ‚
1617 2673 1717 2713 xn,
1749 2662 1820 2709 14.

429 2733 602 2795 Affligi
610 2735 806 2792 juberet.
833 2737 974 2793 Plin.,
1013 2738 1189 2798 Paneg.
1211 2770 1224 2791 ,
1250 2752 1321 2781 ιιι
1355 2751 1368 2781 2
1393 2755 1413 2777 «
1438 2737 1532 2780 Illae
1561 2742 1716 2779 autem
1738 2748 1889 2778 aureae
1922 2739 1970 2776 et
1998 2729 2080 2775 in-

362 2811 695 2868 numerabileS,
720 2821 873 2872 strage
899 2820 944 2856 et
966 2812 1128 2870 ruina,
1153 2813 1349 2873 publico
1375 2812 1550 2874 gaudio
1585 2812 1849 2857 litaverunt.

429 2889 630 2932 Elocuta
653 2899 735 2934 est.
760 2889 828 2933 Cf.
853 2890 997 2934 Vter.
1027 2891 1152 2949 Epic.
1167 2923 1182 2944 ,
1209 2905 1331 2947 1111,
1364 2906 1433 2935 10.
