2372 3918
288 200 347 246 56
961 200 1009 245 C.
1043 200 1333 248 SUETONII

286 304 432 360 ditus
470 304 575 376 sit,
607 303 762 381 quasi
794 324 1066 360 venenum
1101 302 1317 361 vulneri
1350 301 1648 361 indidisset.
1682 302 1886 380 Adjicit
1918 301 2005 356 his

283 404 534 481 Aquilius
563 406 754 483 Niger,
780 403 1015 463 alterum
1046 426 1075 461 e
1104 402 1691 463 consulibus‘Hirtium
1722 405 1779 461 in
1805 422 2005 481 pugnae

284 504 532 562 tumultu
567 506 635 563 ab
668 507 787 583 ipso
821 506 1229 582 interemptum.

363 608 490 664 XII.
537 604 646 663 Sed
668 618 731 662 ut
755 605 1038 682 cognovit,
1061 606 1364 663 Antonium
1389 618 1515 686 post
1536 605 1721 683 fugam
1744 624 1777 661 a
1798 604 1878 660 M.
1903 602 2008 658 Le-

285 705 416 784 pido
443 717 755 782 receptum,
783 714 1100 782 ceterosque
1125 703 1289 762 duces
1318 718 1375 763 et
1403 706 1670 763 exercitus
1698 701 2008 761 consentire

286 826 388 884 pro
412 805 689 883 partibUS,
717 824 936 860 causam
964 804 1317 881 optimatium
1345 805 1462 861 sine
1485 805 1834 861 cunctatione
1863 801 2008 858 dese-

285 906 431 976 ruit,
483 903 554 961 ad
595 915 922 981 praetextum
960 915 1186 960 mutatae
1221 902 1524 963 voluntatis
1565 904 1715 960 dicta
1755 902 2007 978 factaque

286 1004 655 1083 quorumdam
689 1003 1055 1062 calumniatus
1087 1025 1100 1061 ε
1134 1004 1290 1082 quasi
1319 1004 1412 1062 alii
1446 1026 1504 1063 se
1533 1024 1881 1083 «puerum,»
1914 1001 2008 1059 alii

286 1130 314 1159 κ
337 1105 649 1163 ornandum
691 1104 1108 1184 tollendumque
1128 1131 1156 1159 »
1197 1107 1496 1184 jactassent
1513 1150 1529 1180 ,
1578 1126 1678 1163 nec
1727 1116 1824 1162 aut
1870 1103 1973 1160 sibi
1991 1147 2007 1174 ,

286 1220 382 1264 aut
416 1209 685 1265 veteranis
715 1229 815 1286 par
847 1204 1025 1287 gratia
1051 1207 1361 1264 referretur.
1390 1211 1462 1265 Et
1490 1228 1601 1284 quo
1632 1207 1803 1285 magis
1835 1204 2008 1282 poeni-

289 1309 518 1364 tentiam
540 1309 739 1385 prioris
765 1320 922 1364 sectae
944 1308 1302 1385 approbaret,
1322 1308 1598 1366 Nursinos
1625 1303 1820 1383 grandi
1845 1325 2009 1381 pecu-

290 1408 406 1481 nia,
433 1420 488 1463 et
510 1429 677 1484 quam
699 1407 939 1485 pendere
963 1408 1285 1484 nequirent,
1312 1405 1598 1479 multatOS,
1626 1417 1870 1462 extorres
1897 1405 2010 1482 egit

288 1507 522 1585 oppid0‚
549 1508 700 1584 quod
723 1507 1029 1564 Mutinensi
1050 1508 1164 1563 acie
1191 1507 1655 1584 interemptorum
1685 1505 1887 1561 civium
1917 1515 2009 1560 tu-

288 1606 439 1663 mulo
469 1606 684 1685 publice
713 1619 993 1664 exstructo
1024 1607 1420 1684 ascripserant,
1451 1609 1601 1662 «Pro
1634 1604 1886 1661 libertate
1916 1625 2008 1662 eos

288 1709 620 1764 occubuisse.
639 1732 667 1760 )>

364 1810 518 1864 XIII.
560 1808 706 1864 Inita
735 1829 862 1864 cum
890 1808 1132 1866 Antonio
1161 1820 1217 1864 et
1241 1807 1455 1886 Lepido
1489 1808 1775 1880 societate,
1800 1805 2009 1885 Philip-

287 1927 453 1984 pense
485 1928 703 1984 quoque
729 1904 958 1981 bellum,
988 1929 1322 1985 quamquam
1348 1907 1621 1964 invalidus
1646 1918 1812 1984 atque
1837 1927 2007 1984 aeger,

287 2006 494 2084 duplici
523 2006 718 2085 proelio
748 2010 1014 2086 transegit
1042 2029 1056 2064 τ
1088 2029 1325 2086 quorum
1354 2010 1537 2086 priore
1565 2008 1755 2064 castris
1783 2019 2008 2078 exutuS,

286 2107 377 2162 vix
409 2107 479 2162 ad
507 2108 733 2165 Antonii
762 2129 937 2164 cornu
965 2108 1094 2187 fuga
1125 2121 1386 2165 evaserat.
1415 2110 1532 2167 Nec
1561 2128 1870 2164 successum
1899 2107 2010 2163 vic-

286 2208 440 2263 toriae
467 2207 782 2264 moderatus
810 2220 919 2279 est;
951 2208 1045 2264 sed
1076 2209 1255 2286 capite
1286 2209 1443 2264 Bruti
1470 2212 1703 2264 Romam
1729 2208 1919 2278 misso,
1946 2219 2009 2262 ut

286 2318 476 2364 statuae
507 2309 734 2374 Caesaris
767 2308 1158 2385 subjiceretur,
1195 2312 1255 2365 in
1286 2307 1789 2386 splendidissimum
1820 2292 2008 2383 quem-

285 2428 393 2483 que
421 2408 699 2485 captivum
730 2429 842 2464 non
874 2409 989 2465 sine
1015 2410 1314 2465 verborum
1343 2406 1680 2464 contumelia
1711 2406 1908 2476 saeviit3
1943 2418 2009 2461 ut

285 2508 507 2584 quidem
533 2510 630 2565 uni
664 2507 987 2585 suppliciter
1019 2508 1356 2585 sepulturam
1385 2509 1632 2585 precanti
1658 2506 2007 2584 respondisse

286 2607 526 2681 dicatur,
559 2610 723 2663 «Jam
751 2609 911 2665 istam
938 2606 1228 2665 volucrum
1255 2607 1372 2663 fore
1401 2619 1725 2686 potestatem
1748 2628 1762 2662 z
1785 2631 1813 2659 >2
1843 2604 2006 2682 alios,

286 2719 500 2784 patrem
531 2720 587 2763 et
607 2707 807 2778 filium,
838 2729 940 2786 pro
970 2708 1085 2764 vita
1107 2704 1388 2786 rogantes,
1420 2709 1605 2764 sortiri
1633 2707 1723 2789 vel*
1745 2707 2007 2765 dimicare

283 2807 527 2884 jussisse,
554 2792 621 2863 ut¹
645 2807 897 2863 alterutri
925 2807 1316 2865 concederetur
1350 2828 1363 2863 :
1398 2828 1461 2864 ac
1490 2820 1759 2885 spectasse
1785 2819 2004 2865 utrum-

285 2927 393 2983 que
423 2908 749 2963 morientem
767 2950 782 2978 ,
814 2928 986 2984 quum
1011 2919 1165 2985 patre
1184 2951 1199 2981 ,
1236 2908 1331 2985 qui
1364 2929 1421 2964 se
1451 2907 1756 2982 obtulerat,
1791 2910 2004 2982 occiso,

285 3005 429 3063 filius
477 3024 695 3084 quoque
746 3007 1113 3064 voluntariam
1163 3007 1512 3064 occubuisset
1556 3030 1765 3066 necem.
1814 3012 2002 3084 Quare

286 3107 479 3180 ceteri,
515 3107 573 3163 in
605 3107 691 3163 his
719 3109 799 3164 M.
832 3108 1131 3179 Favonius,
1166 3105 1259 3162 ille
1293 3108 1520 3163 Catonis
1548 3108 1798 3181 aemuluS,
1830 3129 2000 3185 quum

290 3207 524 3262 catenati
563 3206 1028 3283 producerentur,
1062 3207 1388 3283 imperatore
1426 3210 1665 3266 Antonio
1700 3209 1999 3266 honorifice
