2372 3918
390 297 479 351 234
1054 299 1103 342 C.
1141 298 1380 344 SUETON
1385 299 1430 342 11

388 421 551 477 quam
580 421 667 473 se,
700 400 754 455 in
789 402 956 478 patris
985 402 1065 457 sui
1100 401 1279 458 locum
1314 413 1689 478 cooptassent,
1714 402 1802 476 jus
1838 402 2084 457 sacerdo-

387 512 503 556 tum
535 500 1006 579 subrogandorum
1036 521 1066 555 a
1097 500 1335 580 collegiis
1364 502 1431 558 ad
1467 499 1730 579 populum
1764 500 2037 556 transtulit
2074 523 2084 556 z

387 620 449 655 ac
472 601 526 654 in
546 599 827 656 consulatu
843 642 858 672 ‚
886 598 1268 678 Allobrogibus
1287 602 1650 677 Arvernisque
1678 602 1965 677 superatis,
1990 600 2088 656 ele-

388 700 596 777 phanto
624 721 722 777 per
747 700 1082 776 provinciam
1105 713 1292 757 vectus
1319 714 1431 774 est,
1461 701 1620 756 turba
1651 699 1913 770 militum,
1935 702 2088 777 quasi

387 801 530 856 inter
572 799 849 856 sollemnia
892 800 1188 880 triumphi,
1231 813 1609 877 prosequente.
1652 803 1716 856 In
1765 801 1912 855 hunc
1956 800 2089 855 dixit

388 900 632 955 Licinius
672 902 897 957 Crassus
943 912 1147 971 orator,
1189 924 1215 953 α
1245 902 1372 958 Non
1411 921 1525 957 esse
1563 900 1903 971 mirandum,
1944 900 2089 977 quod

387 1021 590 1056 aeneam
611 1000 838 1057 barbam
859 1001 1081 1057 haberet
1099 1044 1115 1073 ,
1144 1002 1232 1058 cui
1261 1022 1321 1058 os
1351 1000 1588 1058 ferreum
1606 1043 1622 1073 ‚
1652 1022 1747 1057 cor
1773 1000 2090 1078 plumbeum

388 1113 539 1156 esset.
567 1125 594 1154 D
627 1102 801 1179 Hujus
840 1101 984 1159 filius
1021 1114 1220 1178 praetor
1246 1103 1308 1159 C.
1341 1104 1610 1159 Caesarem
1643 1102 1932 1158 abeuntem
1962 1122 2091 1157 con-

389 1199 567 1257 sulatu
585 1244 600 1274 ‚
633 1222 796 1278 quem
827 1202 1086 1258 adversus
1108 1202 1346 1280 auspicia
1381 1200 1632 1279 legesque
1660 1201 1884 1278 gessisse
1910 1202 2093 1256 existi-

387 1300 660 1372 mabatur,
686 1301 755 1356 ad
782 1301 1214 1378 disquisitionem
1248 1313 1465 1357 senatus
1490 1302 1734 1357 vocavit:
1752 1322 1879 1356 mox
1905 1301 2093 1357 consul

389 1400 771 1476 imperatorem
809 1401 877 1456 ab
915 1402 1238 1458 exercitibus
1277 1398 1481 1478 gallicis
1512 1401 1789 1456 retrahere
1820 1402 2051 1456 tentavit
2080 1423 2091 1456 z

387 1520 768 1576 successorque
798 1501 846 1556 ei
865 1521 962 1577 per
988 1500 1277 1556 factionem
1299 1501 1610 1556 nominatus
1630 1542 1645 1571 ‚
1675 1501 1942 1578 principio
1965 1502 2095 1556 civi-

388 1598 451 1654 lis
474 1598 602 1655 belli
632 1599 702 1656 ad
736 1600 1044 1658 Corfinium
1075 1613 1267 1678 captus
1291 1614 1387 1657 est.
1411 1601 1575 1656 Unde
1607 1601 1885 1674 dimissuS,
1909 1602 2096 1657 Massi-

387 1698 581 1756 lienses
608 1700 893 1757 obsidione
926 1699 1236 1758 laborantes
1274 1722 1443 1777 quum
1480 1701 1716 1757 adventu
1757 1722 1857 1756 suo
1893 1701 2093 1756 confir-

387 1812 621 1873 masset,
670 1813 892 1878 repente
945 1801 1222 1874 destituit,
1265 1802 1486 1877 acieque
1527 1800 1746 1857 demum
1793 1800 2095 1878 pharsalica

389 1901 646 1956 occubuit
675 1922 688 1957 :
725 1902 810 1956 vir
839 1921 1018 1978 neque
1047 1902 1176 1958 satis
1206 1913 1484 1974 constanS‚
1515 1912 1570 1957 et
1598 1902 1819 1979 ingenio
1848 1903 2020 1958 truci:
2040 1903 2093 1957 in

388 2000 764 2078 desperatione
807 2022 1020 2073 rerum,
1066 2012 1302 2058 mortem
1321 2044 1337 2073 ‚
1395 2002 1591 2057 timore
1639 2003 1969 2078 appetitam,
2021 2003 2094 2057 ita

389 2100 662 2178 expavit,‘'
681 2113 744 2156 ut
788 2090 1044 2157 haustum
1081 2120 1353 2159 venenum
1392 2102 1712 2178 poenitentia
1763 2103 2095 2173 evomuerit,

388 2200 767 2277 medicumque
805 2202 1208 2274 manumiserit‚
1242 2201 1393 2278 quod
1426 2202 1529 2257 sibi
1560 2201 1800 2278 prudens
1829 2222 1891 2257 ac
1925 2203 2098 2286 sciens

390 2301 570 2357 minus
592 2301 817 2357 noxium
842 2313 1208 2378 temperasset.
1229 2300 1592 2358 Consultante
1622 2314 1804 2357 autem
1820 2304 1924 2358 Cn.
1941 2305 2099 2357 Pom-

391 2390 626 2478 peiode
658 2401 851 2457 mediis
888 2422 950 2457 ac
987 2413 1240 2457 neutram
1274 2413 1485 2478 partem
1532 2401 1915 2476 sequentibuS,
1949 2400 2096 2473 solus

388 2501 600 2557 censuit
631 2501 872 2557 hostium
905 2492 1150 2556 numero
1166 2499 1460 2556 habendos

468 2604 566 2656 III.
595 2600 841 2677 Reliquit
867 2599 1068 2668 filium,
1091 2599 1343 2661 omnibus
1372 2600 1546 2677 gentis
1576 2621 1683 2656 suae
1710 2599 1901 2677 procul
1929 2601 2097 2658 dubio

388 2698 804 2777 praeferendum.
832 2702 886 2757 Is
914 2699 1058 2755 inter
1092 2701 1336 2755 conscios
1367 2701 1685 2756 Caesarianae
1709 2703 1883 2774 necis,
1908 2721 2097 2778 quam-

389 2821 555 2876 quam
591 2799 810 2872 insons,
846 2797 1133 2855 damnatus
1167 2797 1286 2877 lege
1318 2799 1484 2855 Pedia
1503 2843 1517 2869 ,
1547 2821 1716 2876 quum
1752 2798 1822 2855 ad
1851 2801 2097 2857 Cassium

387 2904 728 2977 Brutumque
755 2921 839 2972 se,
870 2900 1181 2977 propinqua
1211 2900 1311 2957 sibi
1344 2901 1666 2977 cognatione
1687 2900 1935 2976 junctOS‚
1965 2921 2095 2957 con-

388 3000 629 3072 tulisset,
659 3013 783 3078 post
807 3001 1090 3076 utriusque
1123 3001 1405 3055 interitum
1437 2999 1660 3055 classem
1690 2998 1819 3055 olim
1848 3001 2095 3056 commis·

389 3123 502 3157 sam
545 3102 771 3158 retinuit
814 3122 827 3157 z
866 3101 1016 3157 auxit
1051 3101 1243 3172 etiam3
1290 3120 1420 3171 nee,
1463 3100 1565 3155 nisi
1609 3101 1853 3177 partibus
1899 3100 2096 3175 ubique

395 3200 719 3278 profligatiS,
751 3203 828 3257 M.
862 3201 1103 3257 Antonio
1127 3211 1348 3275 sponte,
1382 3211 1435 3254 et
1468 3200 1700 3277 ingentis
1736 3199 1911 3254 meriti
1945 3197 2094 3267 loc0‚

393 3300 646 3372 tradidit3
678 3300 930 3376 solusque
954 3301 1200 3355 omnium
1232 3320 1293 3353 ex
1328 3300 1417 3370 iis,
1446 3302 1539 3375 qui
1565 3299 1680 3374 pari
1710 3297 1825 3374 lege
1854 3297 2095 3353 damnati
