2372 3918
996 249 1179 296 NERO.
1855 250 1945 311 ²37

235 379 265 413 a
317 356 606 414 Messalina
626 399 642 426 ,
690 373 859 412 uxore
910 350 1161 425 Claudii,
1206 353 1303 429 qui
1352 373 1477 409 eum
1537 356 1947 428 meridiantem,

235 459 387 534 quasi
424 456 724 514 Britannici
764 450 1057 524 aemulum,
1097 451 1519 530 strangularent.
1556 455 1817 513 Additum
1864 456 1946 514 fa·

236 556 376 614 bulae
410 569 523 628 est,
555 543 773 613 eosdem
801 551 1038 609 dracone
1071 573 1101 608 e
1129 551 1357 630 pulvino
1393 573 1450 610 se
1479 553 1790 630 proferente
1818 577 1949 612 con·

236 659 452 714 territos
477 656 751 734 refugisse.
769 654 909 727 Quae
935 651 1121 711 fabula
1145 665 1334 710 exorta
1364 665 1480 724 est,
1513 653 1863 731 deprehensis
1892 657 1950 712 in

235 756 372 815 lecto
409 758 524 834 ejus
565 756 771 813 circum
813 752 1099 810 cervicalia
1134 754 1401 832 serpentis
1430 754 1664 823 exuviis,
1694 775 1830 831 quas
1863 768 1948 811 ta-

235 879 388 931 men,
408 876 582 914 aureae
613 852 836 911 armillae
864 874 926 910 ex
953 852 1237 910 voluntate
1262 854 1451 911 matris
1475 852 1739 928 inclusas,
1758 854 1951 911 dextro

233 957 458 1014 brachio
489 956 718 1034 gestavit
747 953 1119 1031 aliquamdiu;
1152 974 1217 1011 ac
1244 954 1406 1011 taedio
1435 954 1656 1011 tandem
1693 967 1950 1012 maternae

232 1057 508 1114 memoriae
534 1055 762 1134 abjecit3
791 1074 1092 1132 rursusque
1118 1055 1372 1111 extremis
1405 1055 1518 1112 suis
1551 1055 1714 1126 rebus
1744 1054 1951 1113 frustra

234 1158 532 1235 requisivit.

314 1259 437 1315 VII.
493 1260 671 1315 Tener
703 1255 913 1329 adhuc,
944 1255 1178 1315 necdum
1217 1268 1433 1314 matura
1464 1258 1724 1335 pueritia,
1754 1258 1958 1314 circen-

235 1359 385 1415 sibus
409 1357 552 1414 ludis
580 1358 804 1434 Trojam
831 1358 1267 1414 constantissime
1291 1357 1777 1435 favorabiliterque
1805 1356 1955 1415 lusit.

237 1458 545 1517 Undecimo
575 1459 745 1515 aetatis
780 1477 927 1515 anno
956 1478 989 1514 a
1016 1457 1247 1516 Claudio
1267 1458 1560 1537 adoptatus
1591 1471 1704 1528 est,
1727 1462 1955 1516 Annaeo-

239 1579 345 1636 que
375 1560 595 1615 Senecae
613 1601 628 1627 ‚
648 1558 763 1635 jam
792 1570 925 1614 tunc
955 1559 1191 1634 senatori
1213 1601 1228 1631 ‚
1250 1559 1308 1614 in
1330 1557 1677 1636 disciplinam
1702 1558 1956 1615 tradituS.

237 1662 474 1730 Ferunt,
502 1661 763 1715 Senecam
793 1643 1047 1735 proxima*
1074 1671 1229 1715 nocte
1258 1659 1435 1715 visum
1463 1660 1566 1716 sibi
1597 1680 1695 1736 per
1719 1660 1960 1737 quietem

238 1761 302 1815 C.
333 1759 533 1816 Caesari
568 1758 864 1835 praecipere
895 1779 908 1814 :
939 1770 994 1814 et
1037 1757 1199 1814 fidem
1242 1760 1456 1815 somnio
1486 1760 1636 1826 Nero
1685 1759 1840 1816 brevi
1883 1759 1962 1816 fe-

239 1861 348 1933 cit,
382 1857 600 1937 prodita
639 1858 979 1915 immanitate
1012 1870 1246 1930 naturae,
1279 1859 1480 1937 quibus
1508 1860 1749 1937 primum
1780 1859 1963 1937 potuit

246 1960 648 2038 experimentis,
695 1961 948 2036 Namque
995 1960 1374 2017 Britannicum
1416 1959 1672 2033 fratrem,
1707 1959 1858 2036 quod
1903 1979 1964 2015 se

240 2072 366 2139 post
406 2060 756 2139 adoptionem
786 2060 1163 2125 AEnobarbum
1197 2081 1265 2117 ex
1299 2060 1699 2117 consuetudine
1730 2058 1965 2117 salutas-

241 2173 348 2233 set,
392 2171 454 2217 ut
501 2159 835 2216 subditivum
875 2160 1024 2236 apud
1063 2173 1275 2238 patrem
1317 2181 1548 2239 arguere
1588 2172 1818 2217 conatus
1860 2171 1963 2217 est.

245 2260 482 2317 Amitam
512 2271 693 2316 autem
718 2259 984 2336 Lepidam
1007 2280 1157 2316 ream
1188 2260 1498 2317 testimonio
1520 2280 1706 2317 coram
1737 2258 1961 2333 afflixit,

244 2359 559 2437 gratificans
593 2358 783 2431 matri,
814 2380 846 2416 a
880 2381 988 2437 qua
1032 2380 1124 2417 rea
1171 2361 1539 2438 premebatur.
1577 2360 1863 2418 Deductus
1906 2361 1964 2416 in

244 2464 447 2518 Forum
478 2461 613 2532 tir0,
640 2459 846 2539 populo
875 2461 1246 2538 congiarium,
1279 2460 1441 2518 militi
1485 2460 1804 2517 donativum
1838 2480 1967 2538 pro-

246 2560 430 2637 posuit
466 2580 479 2616 :
515 2559 826 2638 indictaque
859 2560 1180 2618 decursione
1210 2562 1584 2639 praetorianiS,
1614 2572 1831 2618 scutum
1865 2581 1966 2617 sua

246 2679 414 2715 manu
444 2658 684 2736 praetulit
715 2681 728 2716 ε
764 2661 888 2716 exin
922 2662 1065 2738 patri
1097 2662 1299 2739 gratias
1333 2662 1391 2718 in
1420 2673 1611 2718 senatu
1639 2662 1765 2739 egit.
1800 2661 1966 2739 Apud

248 2757 502 2815 eumdem
528 2758 807 2815 consulem
840 2780 941 2837 pro
974 2761 1409 2817 Bononiensibus
1439 2760 1638 2834 latine,
1673 2782 1774 2839 pro
1813 2762 1966 2818 Rho-

248 2859 352 2916 diis
377 2871 540 2936 atque
562 2856 846 2916 Iliensibus
877 2880 1047 2937 graece
1082 2860 1246 2916 verba
1276 2859 1417 2917 fecit.
1446 2863 1775 2939 Auspicatus
1807 2873 1885 2918 est
1910 2873 1967 2917 et

244 2958 681 3037 jurisdictionem
704 2958 991 3036 praefectus
1019 2960 1154 3018 Urbi
1176 2980 1332 3017 sacro
1357 2961 1706 3034 Latinarum,
1733 2960 1967 3017 celeber-

251 3059 402 3115 rimis
438 3059 681 3136 patronis
717 3080 825 3115 non
862 3058 1245 3132 translaticiaS,
1288 3072 1350 3117 ut
1387 3059 1619 3133 assolet,
1651 3073 1706 3116 et
1740 3061 1968 3126 breves»,

251 3158 345 3216 sed
388 3160 647 3216 maximas
682 3158 1051 3239 plurimasque
1080 3160 1479 3242 postulationes
1521 3162 1766 3219 certatim
1814 3161 1966 3239 inge-

253 3259 533 3332 rentibus;
578 3259 829 3335 quamvis
889 3260 1236 3319 interdictum
1286 3282 1316 3318 a
1369 3260 1600 3318 Claudio
1645 3272 1799 3318 esset.
1850 3262 1967 3319 Nec
