2372 3918
831 218 879 261 C.
917 216 1130 261 IULIUS
1166 217 1397 261 CAESAR.
1915 220 1973 261 33

259 317 414 375 duxit
442 340 714 396 unquam,
747 320 850 375 nisi
879 318 1289 397 perspeculatus
1321 318 1569 374 locorum
1603 321 1764 392 situs3
1800 342 1974 399 neque

260 419 313 473 in
357 420 692 475 Britanniam
734 420 1065 490 transvexit,
1107 420 1211 475 nisi
1252 431 1379 476 ante
1421 438 1519 495 per
1562 439 1617 475 se
1659 432 1884 496 portus,
1923 434 1977 478 et

259 519 691 596 navigationem,
731 530 786 574 et
824 538 1097 574 accessum
1136 517 1205 574 ad
1245 516 1476 574 insulam
1518 516 1864 595 explorasset.
1905 524 1977 577 At

261 616 403 673 idem
422 660 437 690 ,
469 618 777 674 obsessione
805 630 1111 674 castrorum
1146 619 1204 674 in
1235 619 1533 675 Germania
1566 619 1847 691 nuntiata,
1879 641 1975 696 per

258 718 516 774 stationes
548 717 788 773 hostium
829 716 1025 796 gallico
1067 718 1259 774 habitu
1295 719 1602 795 penetravit
1640 717 1707 774 ad
1746 739 1889 774 suos.
1930 723 1973 775 A

262 816 548 872 Brundisio
602 817 969 895 Dyrrachium
1023 818 1165 874 inter
1220 819 1498 895 oppositas
1554 816 1746 874 classes
1801 816 1976 873 hieme

260 909 585 989 transmisit,
618 918 1062 995 cessantibusque
1100 919 1299 996 copiis,
1331 939 1467 994 quas
1506 918 1761 995 subsequi
1792 918 1971 994 jusse-

255 1028 368 1086 rat,
403 1038 573 1093 quum
605 1016 674 1072 ad
709 1018 1054 1078 arcessendas
1084 1018 1287 1074 frustra
1320 1039 1460 1095 saepe
1491 1019 1753 1091 misisset,
1787 1019 1972 1074 novis-

255 1117 386 1172 sime
411 1118 524 1194 ipse
551 1115 690 1173 clam
715 1129 881 1174 noctu
906 1116 1199 1196 parvulum
1225 1119 1503 1195 navigium
1535 1116 1682 1174 solus
1711 1116 1975 1173 obvoluto

255 1217 431 1294 capite
469 1218 814 1290 conscendit3
854 1239 1030 1294 neque
1068 1230 1191 1290 aut,
1230 1220 1352 1294 quis
1383 1230 1550 1290 esset,
1587 1230 1712 1274 ante
1743 1218 1973 1291 detexit,

253 1330 348 1373 aut
379 1319 801 1396 gubernatorem
832 1318 1019 1374 cedere
1048 1319 1284 1375 adversae
1314 1320 1620 1396 tempestati
1648 1339 1838 1395 passus
1861 1330 1971 1390 est,

255 1439 420 1495 quam
453 1440 606 1496 paene
639 1420 878 1476 obrutus
904 1419 1176 1475 fluctibus

333 1521 477 1575 LIX.
522 1521 606 1577 Ne
647 1518 907 1597 religione
947 1519 1170 1597 quidem
1215 1517 1325 1575 ulla
1365 1541 1396 1576 a
1436 1540 1711 1596 quoquam
1757 1521 1974 1596 incepto

253 1619 573 1674 absterritus
601 1639 844 1694 unquam
873 1617 957 1673 vel
987 1617 1295 1674 retardatus
1327 1631 1424 1674 est.
1452 1620 1642 1690 Quum
1672 1617 1971 1673 immolanti

253 1717 551 1796 aufugisset
594 1718 802 1791 hostia,
842 1717 1242 1796 profectionem
1270 1716 1530 1773 adversus
1572 1718 1883 1794 Scipionem
1922 1728 1975 1770 et

251 1819 448 1875 Jubam
487 1839 598 1874 non
639 1817 864 1874 distulit.
907 1816 1202 1896 Prolapsus
1233 1818 1398 1873 etiam
1438 1818 1494 1871 in
1532 1837 1752 1894 egressu
1791 1817 1973 1881 naviS‚

256 1938 409 1974 verso
450 1918 519 1974 ad
557 1917 752 1975 melius
794 1919 1004 1992 omine,
1043 1922 1221 1975 Teneo
1260 1929 1340 1987 te,
1379 1917 1588 1994 inquit,
1630 1917 1848 1990 Africa.
1890 1914 1975 1970 Ad

252 2016 546 2075 eludendas
571 2032 754 2075 autem
782 2019 1222 2091 vaticinationeS,
1249 2016 1447 2095 quibus
1477 2015 1603 2072 felix
1627 2029 1682 2072 et
1710 2018 1973 2071 invictum

253 2120 308 2174 in
349 2139 411 2174 ea
453 2119 736 2197 provincia
777 2116 1015 2175 fataliter
1055 2119 1372 2196 Scipionum
1421 2138 1624 2172 nomen
1667 2116 1973 2187 ferebatur,

253 2218 718 2296 despectissimum
743 2219 1017 2296 quendam
1041 2240 1105 2275 ex
1136 2216 1520 2275 Corneliorum
1545 2237 1766 2294 genere,
1793 2217 1882 2272 cui
1906 2215 1976 2271 ad

251 2320 614 2396 opprobrium
658 2320 781 2375 vitae
824 2317 1093 2375 Salutioni
1137 2338 1442 2396 cognomen
1490 2329 1642 2388 erat,
1685 2318 1741 2372 in
1785 2317 1974 2372 castris

253 2439 435 2475 secum
465 2420 674 2476 habuit.

328 2522 447 2576 LX.
490 2518 687 2576 Proelia
727 2541 839 2576 non
879 2531 1095 2576 tantum
1133 2518 1434 2589 destinam,
1468 2517 1561 2574 sed
1593 2538 1656 2574 ex
1691 2518 1974 2573 occasione

254 2619 527 2692 sumebat3
561 2641 622 2676 ac
651 2641 790 2698 saepe
821 2621 890 2676 ab
918 2621 1110 2675 itinere
1140 2619 1317 2674 statim
1335 2662 1350 2691 ,
1384 2617 1659 2674 interdum
1687 2617 1973 2695 spurcissi-

257 2720 359 2775 mis
381 2720 812 2795 tempestatibuS,
827 2740 1000 2794 quum
1027 2720 1250 2775 minime
1267 2719 1389 2795 quis
1403 2728 1971 2795 moturumsperaret:

256 2840 354 2875 nec
397 2820 499 2874 nisi
541 2831 786 2896 tempore
827 2829 1069 2873 extremo
1109 2819 1178 2873 ad
1217 2817 1589 2875 dimicandum
1631 2817 1976 2873 cunctantior

255 2919 428 2975 factus
464 2931 569 2991 est;
602 2939 712 2995 quo
745 2919 939 2995 saepius
976 2918 1219 2989 vicisset,
1257 2918 1363 2974 hoc
1402 2919 1582 2973 minus
1620 2915 1975 2993 experiendos

255 3041 410 3076 casus
458 3020 721 3097 opinanS,
770 3016 1015 3094 nihilque
1058 3038 1112 3073 se
1160 3028 1375 3072 tantum
1423 3017 1818 3092 acquisiturum
1861 3015 1975 3069 vic-

254 3120 428 3192 toria,
471 3130 741 3196 quantum
780 3117 994 3173 auferre
1037 3116 1318 3173 calamitas
1359 3127 1556 3193 posset.
1600 3114 1833 3172 Nullum
1874 3134 1977 3169 un-

257 3241 421 3296 quam
459 3220 674 3276 hostem
718 3217 887 3289 fudit,
930 3219 1063 3294 quin
1107 3219 1295 3273 castris
1333 3237 1552 3293 quoque
1588 3226 1807 3271 exueret
1848 3235 1862 3270 ε
1905 3214 1978 3269 ita

496 3340 531 3374 1.
1671 3313 1706 3372 3
