2372 3918
820 576 1447 663 TIBERIUS.
1490 534 1494 539 ’

275 1178 316 1231 I.
363 1129 681 1235 ermcm
722 1198 855 1257 gens
901 1177 1134 1237 Claudia
1172 1177 1309 1258 (fuit
1343 1179 1490 1234 enim
1529 1189 1584 1233 et
1619 1175 1725 1232 alia
1761 1173 2007 1254 plebeia,

277 1298 375 1335 nec
405 1279 654 1356 potentia
687 1280 895 1354 minor,
930 1301 1030 1336 nec
1062 1278 1361 1358 dignitate)
1391 1291 1515 1336 orta
1542 1290 1625 1335 est
1655 1298 1720 1335 ex
1752 1275 2007 1354 Regillis,

276 1379 483 1457 oppido
517 1381 867 1437 Sabinorum.
905 1381 1043 1437 Inde
1079 1385 1317 1438 Romam
1351 1402 1538 1438 recens
1571 1379 1849 1436 conditam
1882 1398 2008 1434 cum

277 1499 475 1558 magna
499 1479 782 1537 clientium
806 1502 974 1539 manu
999 1482 1406 1559 commigravit,
1430 1493 1655 1538 auctore
1668 1481 1797 1537 Tito
1819 1479 2008 1550 Tatio,

270 1591 530 1638 ‘consorte
558 1581 815 1656 Romuli,
846 1582 963 1656 vel,
995 1583 1146 1660 quod
1179 1584 1351 1660 magis
1386 1593 1631 1651 constat,
1671 1583 1801 1637 Atta
1841 1577 2009 1637 Clau-

277 1681 396 1753 dio,
421 1683 595 1759 gentis
625 1684 875 1760 principe
892 1726 907 1756 ,
938 1695 1064 1761 post
1091 1703 1246 1760 reges
1269 1694 1489 1739 exactos
1514 1693 1666 1738 sexto
1694 1679 1805 1736 fere
1834 1700 2008 1751 anne,

275 1801 308 1836 a
338 1782 584 1857 patribus
622 1783 676 1838 in
718 1784 973 1860 patricias
1018 1794 1290 1859 cooptata.
1335 1785 1547 1859 Agrum
1593 1782 1820 1857 insuper
1857 1791 2009 1834 trans

274 1884 538 1940 Anienem
577 1883 903 1954 clientibus,
942 1883 1241 1961 locumque
1278 1883 1382 1940 sibi
1422 1882 1493 1939 ad
1535 1880 1876 1959 sepulturam
1907 1881 2010 1937 sub

274 1983 549 2061 Capitolio
569 1983 786 2062 publice
806 1986 1033 2063 accepit.
1058 1986 1334 2064 Deinceps
1347 2028 1362 2058 ,
1382 1983 1716 2063 procedente
1735 1994 2009 2060 tempore,

275 2083 683 2163 duodetriginta
711 2084 1053 2160 consulatus,
1092 2086 1391 2143 dictaturas
1432 2086 1706 2162 quinque,
1747 2104 2009 2141 censuras

276 2197 511 2263 septem,
550 2187 858 2265 triumphos
895 2200 1135 2265 septem,
1169 2187 1307 2244 duas
1338 2187 1649 2259 ovationeS,
1682 2185 1880 2262 adepta
1910 2195 2008 2240 est.

274 2287 462 2358 Quum
493 2288 924 2364 praenominibus
952 2289 1484 2367 cognominibusque
1512 2287 1676 2344 variis
1708 2286 2011 2364 distingue-

274 2399 455 2460 retur,
491 2389 649 2444 Lucii
688 2409 1004 2467 praenomen
1039 2409 1309 2446 consensu
1341 2388 1685 2466 repudiavit,
1715 2399 2008 2465 postquam

274 2509 305 2542 e
335 2488 548 2545 duobus
581 2488 905 2566 gentilibus,
942 2489 1185 2568 praeditis
1215 2511 1280 2547 eo
1299 2533 1314 2562 ,
1346 2488 1485 2546 alter
1514 2488 1814 2560 latrocinii,
1847 2486 2008 2544 caedis

275 2587 411 2645 alter
452 2590 734 2646 convictus
780 2603 877 2647 est.
917 2594 1073 2649 -Inter
1111 2592 1440 2670 cognomina
1468 2601 1651 2646 autem
1680 2602 1735 2646 et
1767 2589 2008 2647 Neronis

276 2690 554 2760 assumsit,
572 2711 683 2766 quo
700 2691 1043 2770 significatur
1057 2691 1248 2771 lingua
1263 2692 1465 2749 Sabina
1477 2691 1635 2748 fortis
1652 2711 1715 2748 ac
1729 2702 2001 2747 strenuuS.

354 2794 426 2847 II.
449 2788 629 2847 Multa
643 2790 946 2847 multorum
966 2790 1329 2849 Claudiorum
1346 2794 1565 2871 egregia
1586 2793 1805 2866 merita,
1827 2790 2006 2848 multa

277 2894 443 2949 etiam
471 2911 626 2949 secus
649 2890 882 2948 admissa
906 2890 962 2948 in
987 2891 1384 2970 rempublicam
1409 2905 1639 2949 exstant.
1667 2892 1776 2950 Sed
1794 2904 1857 2949 ut
1878 2913 2010 2970 prae-

278 2995 439 3072 cipua
463 3013 908 3066 commemorem,
938 2993 1154 3071 Appius
1177 2994 1367 3050 Caecus
1396 2994 1711 3051 societatem
1735 3014 1863 3050 cum
1880 3013 2007 3069 rege

278 3096 515 3173 Pyrrho,
560 3106 623 3151 ut
664 3114 862 3172 parum
908 3091 1215 3168 salubrem,
1267 3094 1394 3150 iniri
1430 3093 1699 3151 dissuasit.
1743 3091 2007 3151 Claudius

281 3195 509 3254 Caudex
548 3197 787 3274 primuS,
817 3195 957 3252 freto
994 3192 1162 3252 classe
1191 3196 1447 3273 traject0,
1477 3197 1674 3252 Poenos
1703 3192 1887 3251 Sicilia
1915 3214 2004 3250 ex·

282 3296 438 3374 pulit.
469 3297 733 3355 Claudius
766 3299 916 3354 Nero
950 3296 1329 3353 advenientem
1366 3318 1430 3353 cx
1463 3296 1727 3374 Hispania
1757 3316 1882 3351 cum
1919 3297 2004 3350 in-
