2372 3918
719 205 779 249 IN
816 202 1124 249 TlBERnJM
1157 199 1482 245 NERONEM.
1605 207 1609 211 '
1866 209 1958 254 ²²9

248 319 328 350 xm
343 338 357 362 ,
379 319 427 364 p.
451 318 534 360 171
557 300 843 364 τᾹπῃγόριυσι
866 300 1027 363 μηδένα.
1049 303 1183 344 πλιῖον
1209 299 1543 353 πεντακισχιλίων
1572 297 1640 340 καὶ
1665 298 1809 354 μυρίων
1838 294 1950 354 δρα)-

252 393 335 445 μῶν
360 387 398 430 ἐν
426 385 595 443 ἀργυρίῳ
617 386 643 433 ἢ
665 381 735 426 καὶ
760 382 910 439 χρυσίῳ
932 382 1163 425 κατῆσθαι.

318 456 406 503 Ius
439 455 744 499 metallorum.
776 454 982 505 Aurum,
1005 456 1248 510 argentum
1272 461 1298 490 e
1321 454 1443 490 terra
1472 443 1682 489 eruendi.

320 532 547 579 Occisum.
572 530 642 576 Cf.
667 532 832 577 TAcrr.
849 561 863 586 ,
888 528 1083 582 Annal„
1109 540 1175 583 11,
1198 523 1275 568 68.
1313 521 1531 568 Occisum
1565 535 1761 582 quoque
1795 524 1964 566 Vono-

254 624 364 656 nem
386 607 521 665 dicit,
558 606 642 652 sed
671 606 735 652 ita
766 614 820 651 ut
855 604 914 650 sit
945 603 1204 662 imperator
1241 609 1372 644 extra
1413 599 1596 658 culpam
1639 615 1650 641 :
1682 600 1803 642 «Per
1840 596 1964 643 idem

252 695 483 746 tempus...
507 691 707 729 mortem
731 681 923 728 Vononi
949 680 1139 725 illatam.
1163 698 1182 719 ιι

317 761 425 806 Cu».
452 760 506 804 L.
531 759 728 821 Agebat.
765 759 837 803 De
860 755 1153 802 restituenda
1187 754 1405 799 libertate
1428 754 1636 798 Drusum
1665 767 1850 812 semper
1881 767 1967 796 co-

255 839 421 901 gitasse
451 837 573 883 fama
609 843 721 881 erat.
751 833 926 890 Tacit.‚
968 833 1169 885 Annal.,
1204 846 1248 886 1,
1281 831 1341 884 34
1368 846 1379 874 ε
1419 850 1439 870 «
1465 829 1606 875 Drusi
1634 843 1803 890 magna
1841 828 1970 887 apud

253 915 486 975 populum
523 927 773 958 romanum
806 909 1061 967 memoria,
1099 907 1501 968 credebaturque,
1529 905 1567 952 si
1597 921 1757 952 rerum
1790 905 1971 966 potitus

254 989 398 1048 foret,
419 985 683 1035 libertatem
705 985 993 1032 redditurus.
1013 1005 1033 1026 ι»

323 1066 637 1126 Praebitt'sque.
672 1065 795 1108 Nam
834 1078 893 1108 ex
921 1061 1076 1107 mariti
1114 1061 1255 1106 bonis
1292 1069 1466 1106 certam
1502 1059 1715 1120 pecuniae
1746 1073 1970 1104 summam

257 1140 509 1202 quotannis
523 1156 551 1186 a
572 1138 740 1185 marito
753 1138 1058 1199 -praebendam
1076 1137 1294 1198 stipulari
1312 1152 1438 1182 uxor
1463 1136 1600 1182 solita
1622 1142 1744 1193 erat,
1773 1134 1973 1180 docente

258 1216 472 1262 Raevard.
484 1251 501 1273 ,
530 1217 591 1262 de
612 1216 835 1276 Βίωνες.
857 1214 952 1272 jur.
968 1248 984 1270 ,
1010 1230 1185 1260 xxv111.

323 1295 471 1340 Lc'vc'oe
481 1293 630 1353 filius.
656 1292 768 1349 Dio,
807 1308 910 1338 nvn
925 1326 939 1349 ‚
972 1307 1021 1352 p.
1045 1292 1141 1338 610
1167 1308 1178 1335 t
1203 1289 1324 1341 Ᾰλλω,
1357 1297 1426 1340 καὶ
1451 1299 1517 1340 τὸν
1541 1289 1743 1355 Τιῧέριονῖ
1758 1296 1832 1339 ἀπ’
1854 1298 1976 1345 αὐτῆς

259 1368 376 1435 (πῃ.
403 1386 431 1417 a
453 1368 603 1434 Livia)
635 1379 914 1420 ἐπικαλεῖσθαι
940 1377 1195 1435 ἐσηγήσαντο
1211 1409 1223 1430 ,
1256 1376 1387 1428 ὅπως,
1409 1375 1543 1432 ὥσπερ
1580 1376 1614 1418 οἱ
1639 1366 1805 1424 Έλληνες
1826 1376 1977 1431 πατρό-

260 1459 340 1508 θεν,
361 1455 462 1498 οὕτω
482 1452 553 1497 καὶ
577 1455 721 1502 ἐκεῖνος
743 1453 933 1511 μητρόθεν
959 1453 1218 1511 ὀνομάζηται.

331 1524 580 1571 Parentem
598 1523 790 1583 patr-ite.
811 1522 957 1567 Tacit.
971 1555 985 1579 ‚
1008 1524 1185 1566 Annal.
1202 1554 1218 1577 ,
1251 1538 1295 1580 1,
1331 1539 1347 1568 1
1361 1528 1389 1577 4-
1412 1538 1424 1566 ε
1452 1543 1471 1563 α
1490 1521 1587 1567 Alii
1610 1531 1851 1581 parentem
1866 1556 1878 1578 ,
1902 1521 1979 1566 alii

262 1608 457 1645 matrem
482 1598 645 1658 patriae
679 1597 1005 1659 appellandam
1036 1598 1299 1644 censebant.
1320 1619 1340 1640 »

329 1675 603 1720 Abstineret.
636 1675 828 1733 Zonar.,
862 1676 1066 1729 Annua,
1110 1689 1177 1732 11,
1213 1690 1261 1735 p.
1299 1676 1387 1734 173
1415 1692 1427 1721 ε
1451 1680 1535 1725 Καὶ
1562 1684 1673 1732 τέλος
1704 1688 1782 1724 τῶν
1808 1682 1879 1739 μὲν
1909 1677 1983 1726 δη·

268 1759 427 1817 μωσίων
451 1759 719 1802 παντάπασιν
746 1759 870 1805 αὐτὴν
888 1757 1122 1810 ἀπήλλαξε,
1144 1758 1199 1801 τὰ
1222 1754 1264 1800 δ’
1289 1759 1387 1802 οἴκοι
1423 1755 1588 1803 διοικεῖν
1606 1760 1642 1802 οἱ
1666 1759 1777 1816 ἐφείς.

332 1829 442 1874 Cu».
478 1830 557 1873 LI.
587 1828 823 1873 Decurias.
855 1829 1037 1889 Nempe
1071 1827 1310 1887 judicum;
1342 1830 1512 1875 horum
1554 1830 1678 1875 enim
1714 1828 1906 1875 nomina
1936 1828 1984 1872 in

268 1906 376 1950 albo
404 1903 746 1950 scribebantur.

336 1981 472 2027 Albo.
502 1980 690 2026 Dicitur
723 1981 782 2026 de
806 1981 965 2026 tabula
988 1982 1099 2027 albo
1121 1983 1282 2027 colore
1305 1982 1518 2040 inducta,
1540 1982 1591 2027 in
1613 1998 1735 2043 quo,
1761 1991 1814 2028 ut
1845 1998 1989 2043 supra

267 2057 557 2114 monuimus,
582 2058 773 2103 nomina
800 2058 1015 2117 judicum
1048 2059 1339 2120 legebantur,
1357 2059 1619 2106 secundum
1649 2059 1879 2120 cujusque
1902 2074 1986 2104 or·-

270 2133 442 2180 dinem.
474 2135 636 2179 Senee.
653 2168 666 2193 ,
689 2134 751 2178 de
780 2134 944 2194 Bcntffi
960 2167 975 2190 ‚
1001 2150 1092 2193 111,
1118 2153 1143 2194 7
1171 2151 1183 2180 ε
1210 2155 1231 2176 α
1247 2137 1359 2182 Non
1379 2146 1535 2197 potest
1565 2137 1627 2183 ad
1647 2137 1746 2182 haec
1768 2137 1889 2182 sumi
1908 2137 1987 2196 ju—

270 2210 363 2256 dex
387 2225 445 2256 ex
460 2210 600 2255 turba
627 2211 936 2270 selectorum,
968 2227 1109 2273 quem
1126 2227 1291 2259 census
1317 2214 1365 2259 in
1390 2215 1548 2259 album
1573 2223 1621 2260 et
1643 2216 1874 2275 equestris
1905 2216 1986 2260 he-

270 2287 442 2333 reditas
471 2285 609 2332 misit.
628 2306 649 2328 »

322 2352 365 2407 E
381 2362 604 2407 sacrario.
634 2363 815 2408 Locum
832 2378 928 2408 esse
953 2363 1068 2409 dicit
1097 2365 1363 2410 Casaubon.
1388 2368 1606 2429 Augusto
1634 2374 1960 2413 consecratum
1980 2401 1991 2421 ,

274 2439 323 2484 in
354 2452 452 2498 quo
485 2438 586 2497 ejus
622 2438 777 2500 imago
807 2440 1084 2486 habebatur.
1120 2440 1303 2486 Ibidem
1340 2441 1474 2487 Livia
1504 2443 1719 2488 servabat
1746 2442 1995 2489 accuratis-

276 2513 388 2560 sime
417 2513 703 2576 pretiosiora
724 2523 916 2580 κειμήλια
947 2516 1038 2563 sibi
1068 2518 1128 2563 ab
1150 2520 1368 2580 Augusto
1391 2519 1567 2564 relicta.

347 2590 540 2637 Cumvc‘t.
577 2590 701 2648 Dio,
725 2608 869 2651 Lvnl,
891 2608 939 2654 p.
977 2595 1064 2640 621
1098 2610 1110 2638 ἓ
1136 2603 1268 2649 Αὐτὴν
1307 2605 1326 2644 ὁ
1357 2600 1535 2660 Τιῧέριος
1562 2606 1648 2646 οὔτε
1683 2610 1876 2647 νοσοῦσαν
1908 2606 1996 2646 ὄπι·

279 2674 472 2731 σκέψατο.

343 2743 726 2807 Defunctumque.
761 2735 928 2793 Natam
959 2748 1201 2811 octoginta
1231 2764 1314 2795 sex
1350 2765 1518 2808 annos,
1556 2768 1613 2797 ex
1650 2754 1821 2811 Dion.,
1852 2755 1881 2798 1.
1916 2768 1955 2798 c.
1983 2769 1994 2797 :

278 2821 329 2874 ἑν
358 2824 413 2876 δὴ
435 2835 493 2887 τῷ
528 2830 636 2888 αὐτῷ
662 2831 791 2888 τούτῳ
813 2833 940 2891 χρόνῳ
967 2832 1037 2876 καὶ
1059 2834 1085 2880 ἡ
1110 2831 1252 2877 Azenia
1277 2834 1537 2891 μετήλλαξεν,
1574 2835 1614 2885 ἐξ
1648 2836 1715 2880 καὶ
1745 2833 1997 2894 ὁγδοήκοντα

281 2906 350 2952 ἔτη
385 2905 561 2954 ζήσασα.

351 2973 632 3021 Consectari.
659 2976 775 3034 Dio,
798 2977 915 3022 ibid.
936 2987 1023 3028 :023
1048 2987 1124 3043 μὴν
1150 2983 1244 3030 οὑδί
1268 2989 1305 3037 ἒς
1322 2989 1442 3045 τιμὴν
1471 2990 1566 3032 ἄλλο
1588 3006 1629 3032 τι
1655 2991 1778 3046 αὐτῇ,
1800 2992 1903 3037 πλὴν
1932 2996 2000 3037 τῆς

281 3054 484 3116 δημοσίοις
509 3060 671 3116 ἐκφορᾶς
697 3060 765 3103 καὶ
792 3062 963 3114 εἰκόνων,
994 3064 1134 3121 ἑτέρων
1165 3081 1211 3107 τε
1239 3071 1354 3108 τινῶν
1383 3062 1541 3115 οὐδενὸς
1559 3066 1678 3117 ἀξίων
1706 3070 1869 3125 ‘venum'
1902 3069 2000 3109 ἀθει-

281 3139 517 3183 varmo-5222
540 3131 589 3177 δὲ
617 3138 739 3184 αὐτὴν
773 3139 953 3197 ἄντικρυς
973 3141 1259 3199 ἀπηγόρευσεν.
1286 3136 1355 3182 Cf.
1381 3138 1571 3193 TA01T.‚
1596 3153 1669 3193 vl,
1711 3154 1727 3182 ι
1759 3146 1805 3183 et
1834 3152 1860 3181 2

349 3205 577 3248 Audiam.
614 3205 771 3251 Antlia
808 3216 906 3253 erat
937 3209 1130 3269 aquaria
1168 3211 1381 3271 quaedam
1420 3213 1659 3267 machina,
1691 3230 1795 3274 qum
1826 3214 1997 3274 pedum
