2372 3918
375 355 390 384 1
404 338 464 400 90
1140 341 1326 402 NoTAE

440 436 629 481 Canem.
658 436 751 482 Seu
775 437 1002 481 unionem.
1031 437 1226 494 Pollux,
1256 452 1307 482 1x
1324 471 1337 493 ,
1362 452 1387 493 7
1423 451 1433 479 z
1459 441 1542 484 Καὶ
1565 444 1610 485 τὸ
1648 444 1718 500 μὲν
1749 439 1912 500 μονάδα.
1936 438 2100 495 δηλοῦν,

373 519 560 563 καλεῖται
578 519 694 564 κύων.
720 514 883 559 Jactus
906 512 992 559 iste
1018 513 1284 559 damnosus.
1311 514 1453 573 Prop.
1469 548 1482 571 ‚
1508 528 1584 570 w,
1610 528 1665 573 9,
1696 513 1752 558 18
1787 530 1796 557 :

610 651 774 703 Semper
788 648 968 690 damnosi
985 647 1203 690 subsiluere
1222 662 1350 690 canes.

368 780 644 827 Vocabatur
666 796 870 844 quoque
890 789 988 845 χῖος,
1026 788 1143 825 teste
1170 781 1370 842 Hesych.

435 858 694 904 Sem'onem0
713 859 987 904 Vocabatur
1004 873 1202 918 quoque
1234 871 1333 914 κῶος
1358 867 1405 903 et
1437 864 1576 915 ἐξίτης.
1601 858 1811 904 Eustath.
1838 858 1912 903 ad.
1931 859 2069 903 Hom.
2088 893 2101 915 ‚

371 936 543 991 Iliad„
577 952 711 982 XXIII
738 953 749 981 Ξ
774 949 861 985 Τῶν
888 939 938 985 δὲ
969 939 1115 994 ῧόλων,
1140 944 1158 984 ὁ
1193 943 1263 1001 μὲν
1298 943 1344 985 τὸ
1374 941 1414 992 ἓξ
1441 937 1683 1005 ἃυνάμςνος,
1712 948 1811 991 κῶος
1845 943 2003 999 ἐλέγετο
2034 941 2104 984 καὶ

348 1014 508 1080 ηἔξῖτης.
532 1014 655 1061 Hinc
678 1014 988 1075 proverbium
1009 1029 1020 1057 Ξ
1044 1021 1129 1076 χῖος
1160 1021 1256 1076 πρὸς
1277 1026 1391 1063 κῶον.

440 1103 676 1148 Venerem.
716 1105 962 1149 Venereus
998 1103 1152 1161 jactus
1193 1110 1294 1146 erat
1333 1100 1636 1148 felicissimus.
1683 1101 1878 1148 Lucian.
1900 1135 1913 1158 ,
1955 1098 2103 1165 Epor„

370 1194 417 1239 p.
445 1179 538 1229 884
569 1196 579 1225 :
604 1185 690 1229 Καὶ
716 1184 849 1230 &aldim
874 1188 947 1244 μὲν
978 1185 1045 1229 ἐπὶ
1077 1190 1255 1238 σκοποῦ,
1287 1185 1469 1242 μάλιστα
1501 1181 1542 1227 δ’
1566 1186 1726 1228 εἴποτε
1752 1187 1824 1232 τὴν
1850 1186 1950 1227 Θεὸν
1979 1185 2102 1230 αὐτὴν

369 1260 595 1309 εὺὲολὴσειε
609 1295 621 1315 ,
641 1259 813 1320 μηδενὸς
827 1264 1087 1321 ἀστραγάλου
1118 1262 1311 1310 πεσόντος
1334 1262 1407 1319 ἴσῳ
1425 1262 1635 1319 σχήματι,
1657 1264 1905 1320 προσεκύνει.

444 1344 778 1404 Quc'nquatruS.
805 1345 995 1389 Festum
1010 1342 1236 1388 Minervae
1255 1351 1365 1403 post
1380 1359 1409 1386 v
1425 1342 1592 1387 iduum
1606 1343 1773 1388 Martis
1788 1358 1876 1402 per
1891 1341 2105 1402 quinque

367 1418 468 1467 dies
499 1420 806 1466 celebratum.
829 1420 948 1465 Gell.
963 1455 977 1478 ‚
1002 1435 1039 1464 11
1061 1453 1075 1476 ‚
1105 1434 1160 1464 21
1201 1435 1213 1464 ε
1253 1420 1463 1464 «Forma
1484 1418 1709 1465 vocabuli
1731 1419 1855 1479 ejus,
1888 1418 2104 1477 exemplo

366 1498 626 1542 multorum
660 1495 927 1542 italicorum
951 1497 1269 1557 populorum,
1295 1488 1535 1541 enuntiata
1561 1505 1654 1552 est,
1686 1495 1822 1557 quod
1846 1487 1956 1555 post
1980 1494 2105 1539 diem

370 1573 593 1635 quintum
613 1573 783 1620 iduum
820 1583 888 1619 est
928 1573 967 1619 is
1004 1573 1103 1620 dies
1135 1574 1282 1619 festus
1314 1588 1325 1616 :
1356 1582 1412 1618 ut
1441 1573 1571 1634 apud
1599 1575 1892 1619 Tusculanos
1918 1573 2107 1617 triatrus

368 1658 414 1695 et
434 1661 680 1706 sexatrus,
717 1660 765 1696 et
786 1661 1097 1712 septenatrusl.
1119 1671 1139 1691 »
1173 1650 1242 1695 Cf.
1268 1651 1442 1707 Ovum,
1474 1652 1602 1694 Fast.
1630 1666 1716 1708 111,
1742 1649 1854 1710 809.

433 1742 712 1802 Forumque.
737 1742 781 1786 A
795 1740 940 1800 forus
955 1773 969 1795 ‚
1004 1738 1035 1785 i.
1059 1755 1104 1808 Ne.
1135 1740 1295 1783 tabula
1327 1737 1521 1784 lusoria.
1547 1738 1711 1784 Manil.
1726 1775 1740 1797 ,
1768 1754 1826 1796 v,
1851 1744 1943 1796 247
1970 1754 1980 1782 :

840 1902 852 1913 .
872 1902 884 1913 .
909 1902 920 1913 .
943 1903 953 1913 .
977 1872 1144 1912 Necnon
1165 1870 1317 1911 lascivit
1336 1884 1489 1910 amores

545 1944 593 1982 111
615 1941 760 1990 varim,
787 1940 980 1995 ponitque
997 1940 1124 1981 forum
1138 1971 1151 1989 ‚
1170 1954 1210 1980 se
1227 1940 1375 1993 datque
1391 1943 1518 1994 Lyae0.

437 2064 732 2122 Calfecimus.
772 2063 831 2107 H.
863 2078 903 2108 e.
939 2064 1145 2109 talorum
1177 2061 1309 2122 ¹iactu
1351 2061 1487 2123 quasi
1529 2056 1737 2105 calie'lum
1782 2058 2004 2116 fecimus3
2042 2059 2107 2104 sic

369 2144 539 2201 Mart,
562 2158 665 2199 vu,
694 2158 739 2200 7,
773 2157 801 2186 2
834 2132 845 2185 ἐ
1586 2137 1590 2144 ’

605 2285 852 2340 Ungularum
873 2284 1054 2339 pulsibus
1071 2285 1203 2324 calens
1221 2287 1333 2324 Ister.

436 2413 652 2457 Manum.
663 2411 909 2455 —Manus
922 2420 990 2456 est
1002 2411 1102 2472 ipse
1111 2410 1278 2470 jactus.
1292 2412 1414 2455 Nam
1425 2410 1475 2455 in
1489 2410 1587 2454 alea
1600 2408 1771 2471 singuli
1780 2408 1933 2467 jactus
1942 2422 2109 2451 manus

370 2489 663 2535 dicebantur.
688 2488 811 2534 Hinc
835 2487 900 2533 ita
921 2497 1062 2534 vocat
1077 2491 1320 2550 Augustus
1335 2479 1610 2548 pecuniam,
1636 2501 1780 2546 quam
1802 2494 1912 2545 post
1930 2484 2108 2544 jactum

370 2565 604 2612 infelicem
628 2565 832 2627 quisque
863 2565 1079 2611 conferre
1105 2565 1340 2622 debehat3
1363 2564 1463 2624 ipse
1487 2572 1646 2609 autem
1673 2578 1775 2607 non
1798 2570 2033 2624 exegerat.

438 2645 543 2689 Par
562 2643 735 2702 impar.
765 2644 920 2699 Quem
944 2643 1111 2688 ludum
1136 2642 1362 2688 describit
1385 2642 1581 2699 Pollux,
1615 2655 1692 2697 1x,
1718 2655 1743 2697 7
1773 2655 1784 2684 τ
1810 2647 1865 2687 Τὸ
1900 2642 1950 2688 δὲ
1977 2646 2112 2703 ἀρτιά-

374 2729 448 2778 ζειν
475 2730 513 2771 ἐν
550 2728 818 2785 ἀστραγάλων
850 2728 994 2774 πλήθει
1030 2728 1313 2785 κρυπτομένων
1339 2728 1416 2770 ὑπὸ
1450 2729 1541 2769 ταῖν
1572 2727 1743 2784 χειροῖν,
1775 2723 1971 2782 μαντείαν
2010 2719 2110 2778 εἶχεν

370 2811 451 2849 τῶν
487 2797 634 2863 ἀρτίών
663 2801 732 2847 καὶ
761 2809 840 2846 τῶν
872 2809 1084 2862 περιττῶν.
1112 2805 1248 2847 Ταύτὸ
1286 2800 1343 2846 δὲ’
1365 2809 1485 2847 τοῦτο
1515 2801 1584 2846 καὶ
1617 2802 1804 2859 κυάμοις,
1825 2803 1853 2849 ἢ
1883 2801 2039 2857 καρΰοις
2065 2816 2110 2842 τε

372 2881 441 2926 καὶ
467 2878 744 2940 ἀμυγδάλαις,
773 2880 843 2924 καὶ
865 2882 1037 2940 ἀργυρίῳ
1066 2882 1259 2939 πράττειν
1291 2881 1438 2931 ἠξίουν.

439 2963 548 3008 Cn.
574 2963 777 3008 LXXII.
800 2962 955 3022 Supra
977 2965 1148 3006 scalas.
1174 2963 1233 3007 H.
1261 2978 1300 3006 e.
1327 2961 1388 3007 ad
1415 2961 1630 3006 dextram
1653 2961 1906 3016 scalarum3
1930 2957 2110 3004 locutio

373 3048 525 3085 sumta
555 3040 616 3086 ab
649 3040 1060 3098 accumbentibus;
1084 3056 1193 3086 nam
1217 3056 1361 3099 supra
1384 3041 1591 3101 aliquem
1613 3040 1776 3084 sedere
1797 3037 1848 3082 in
1867 3034 2110 3092 convivio,

374 3126 442 3162 est
471 3119 634 3162 sedere
657 3118 719 3163 ad
749 3118 964 3163 dextram
989 3117 1204 3177 alicujus.

450 3196 753 3239 Annularias.
774 3196 846 3244 Ita
863 3194 1044 3251 dictus,
1069 3210 1127 3241 ex
1144 3188 1351 3257 Rhodig.
1367 3229 1380 3253 ‚
1411 3196 1525 3239 Ant.
1551 3195 1672 3238 Lece.
1693 3226 1705 3246 ,
1731 3207 1807 3251 π,
1829 3205 1910 3247 12,
1934 3188 2012 3235 cui
2033 3203 2110 3232 as-

376 3269 645 3318 sentiuntur
686 3274 868 3317 Ernest.
905 3281 952 3317 et
997 3274 1064 3318 Cl.
1093 3275 1249 3328 Hase,
1287 3273 1347 3318 ab
1380 3270 1632 3317 aurifabris
1677 3270 1762 3330 qui
1805 3268 2004 3314 annulos
2044 3265 2112 3309 ibi

376 3342 650 3388 venderent.
1776 3349 1788 3352 ’
