2372 3918
889 282 1338 330 VESPASIANUS.
1933 288 1956 333 ί,
1971 295 1987 322 1

253 389 469 467 pridem
502 390 607 447 sibi
637 410 738 469 per
771 389 889 446 haec
930 399 1148 445 ostenta
1181 398 1528 465 conceptam.
1569 389 1634 442 In
1673 386 1994 443 suburbano

252 489 572 548 Flaviorum
604 510 841 568 quercus
868 490 1099 566 antiqua
1121 530 1136 560 ,
1165 508 1288 565 quae
1320 499 1440 543 erat
1471 488 1640 544 Marti
1677 506 1859 557 sacra,
1892 506 1989 564 per

250 604 366 647 tres
394 592 669 669 Vespasiae
702 601 929 668 partuS,
961 587 1215 668 singulos
1249 599 1478 667 repente
1514 607 1698 643 ramos
1728 607 1758 642 a
1793 587 1991 643 frutice

257 692 445 765 dedit,
477 690 627 748 haud
652 690 820 747 dubia
847 691 1005 769 signa
1036 689 1211 747 futuri
1244 690 1515 767 cujusque
1548 687 1648 745 fati
1681 709 1694 743 ε
1725 689 1997 765 primum,

251 791 448 849 exilem
479 804 535 849 et
569 793 679 848 cito
709 790 1039 863 arefactum3
1076 790 1313 868 ideoque
1353 787 1538 869 puella
1577 799 1709 845 nata
1752 809 1865 844 non
1898 808 1996 865 pe-

251 892 511 950 rannavit
546 914 560 949 ε
593 890 931 963 secundum,
967 890 1332 971 praevalidum
1368 912 1434 949 ac
1470 888 1778 969 prolixum,
1818 890 1995 967 etqui

252 1013 510 1071 magnam
527 992 844 1050 felicitatem
862 993 1222 1073 portenderet
1247 1016 1260 1050 ε
1282 995 1509 1051 tertium
1533 1013 1687 1065 vero,
1709 993 1885 1048 instar
1912 1012 2000 1047 ar-

251 1095 419 1153 boris.
454 1097 648 1169 Quare
671 1108 889 1173 patrem
915 1096 1186 1153 Sabinum
1205 1095 1412 1168 ferunt,
1428 1094 1747 1172 haruspicio
1766 1094 1995 1170 insuper

251 1195 647 1254 confirmatum
667 1241 683 1270 ,
715 1199 1071 1255 renunciasse
1093 1199 1288 1269 matri,
1322 1208 1623 1275 «nepotem
1652 1197 1700 1251 ei
1726 1197 1999 1253 Caesarem

250 1298 530 1376 genitum:
548 1323 575 1352 »
600 1319 702 1356 nec
726 1298 877 1357 illam
898 1300 1199 1378 quicquam
1222 1297 1403 1372 aliud,
1426 1319 1594 1376 quam
1619 1297 2000 1368 cachinnasse,

252 1400 582 1473 mirantem,
630 1426 657 1454 «
692 1400 845 1478 quod
878 1400 1062 1458 adhuc
1106 1422 1164 1457 se
1199 1401 1403 1457 mentis
1438 1412 1695 1478 compote
1742 1397 2002 1454 deliraret

253 1502 368 1579 jam
399 1499 547 1559 filius
582 1523 732 1559 suus,
759 1527 788 1556 >›
838 1505 1003 1574 Mox,
1037 1523 1211 1580 quum
1254 1501 1470 1559 aedilem
1518 1522 1646 1558 eum
1695 1503 1759 1558 C.
1788 1503 2002 1570 Caesar,

254 1623 586 1660 succensens
635 1624 828 1660 curam
869 1603 1155 1660 verrendis
1200 1603 1303 1660 viis
1347 1623 1461 1659 non
1496 1602 1837 1672 adhibitam,
1879 1599 2001 1656 luto

251 1705 504 1781 jussisset
543 1704 786 1783 oppleri,
835 1717 1097 1784 congesto
1136 1725 1236 1784 per
1271 1703 1474 1760 milites
1525 1705 1582 1759 in
1624 1694 1899 1781 praetextae
1929 1702 2005 1758 si·

259 1826 430 1876 num,
456 1827 569 1862 non
603 1805 929 1880 defuerunt,
971 1808 1068 1884 qui
1112 1806 1631 1883 interpretarentur.
1670 1803 2007 1882 quandoque

254 1906 635 1987 proculcatam
660 1908 1047 1986 desertamque
1068 1905 1648 1986 rempublicamcivili
1674 1904 1858 1984 aliqua
1883 1926 2007 1984 per-

235 2010 574 2067 turbatione
615 2012 674 2067 in
716 2009 947 2068 tutelam
994 2011 1146 2088 ejuS,
1178 2031 1242 2067 ac
1274 2009 1427 2067 velut
1458 2011 1516 2066 in
1562 2009 1864 2088 gremium,
1907 2006 2005 2065 de-

251 2124 563 2168 venturam.
610 2111 927 2169 Prandente
970 2133 1038 2169 eo
1086 2112 1408 2189 quondam,
1438 2111 1609 2168 canis
1655 2110 1929 2166 extrarius
1975 2128 2006 2164 e

252 2213 420 2269 trivio
469 2233 697 2270 manum
743 2213 1046 2270 humanam
1096 2212 1323 2286 intulit,
1369 2232 1695 2290 ‚mensaeque
1749 2211 2003 2289 subjecit.

252 2317 532 2372 Coenante-
558 2336 751 2371 rursus
769 2358 785 2385 ,
820 2314 923 2372 bos
962 2327 1168 2388 arator,
1193 2314 1442 2371 decusso
1465 2363 1469 2366 .
1477 2314 1616 2393 jugo
1636 2357 1651 2386 ,
1696 2311 2005 2370 triclinium

251 2416 490 2493 irrupit,
537 2436 601 2473 ac
644 2415 847 2494 fugatis
881 2416 1182 2490 ministriS,
1231 2416 1391 2494 quasi
1442 2428 1674 2493 repente
1721 2413 2001 2485 defessuS,

251 2516 496 2594 procidit
525 2516 596 2574 ad
628 2517 778 2595 ipsos
803 2517 1183 2574 accumbentis
1217 2517 1415 2595 pedeS,
1448 2517 1834 2593 cervicemque
1863 2535 2012 2572 sum-

254 2619 421 2676 misit.
451 2619 633 2677 Arbor
655 2639 882 2697 quoque
911 2639 1204 2697 cupressus
1234 2619 1458 2698 inagro
1486 2619 1638 2675 avito
1665 2619 1783 2675 sine
1815 2615 1930 2675 ulla
1952 2618 2007 2673 vi

251 2719 600 2798 tempestatis
633 2718 823 2776 evulsa
854 2719 1121 2776 radicitus
1153 2732 1320 2797 atque
1352 2732 1627 2798 prostrata
1648 2763 1664 2790 ‚
1691 2719 2006 2797 insequenti

254 2820 342 2877 die
365 2819 595 2876 viridior
631 2841 695 2878 ac
738 2820 953 2877 firmior
989 2821 1309 2877 resurrexit.
1343 2823 1417 2878 At
1448 2821 1748 2879 inAchaia
1770 2822 2010 2877 somnia-

255 2924 367 2994 vit,
410 2923 631 3005 initium
675 2922 778 2979 sibi
812 2923 1034 3000 suisque
1063 2920 1355 2979 felicitatis
1390 2922 1678 2996 futurum,
1730 2922 1894 2980 simul
1939 2944 2004 2980 ac

255 3024 392 3080 dens
420 3024 635 3082 Neroni
668 3036 915 3081 exemtus
949 3036 1091 3081 esset
1124 3046 1136 3080 ε
1176 3024 1468 3101 evenitque
1490 3067 1506 3095 ,
1543 3037 1605 3081 ut
1633 3025 1886 3102 sequenti
1921 3023 2010 3080 die

256 3145 581 3204 progressus
630 3126 688 3181 in
740 3125 943 3182 atrium
994 3124 1241 3183 medicus
1294 3126 1518 3182 dentem
1562 3126 1613 3181 ei
1661 3125 2011 3196 ostenderet,

256 3238 475 3282 tantum
505 3224 653 3303 quod
686 3238 989 3284 exemtum.
1024 3226 1190 3306 Apud
1221 3226 1469 3284 Judaeam
1496 3224 1740 3284 Carmeli
1773 3226 1859 3282 dei
1882 3248 2009 3283 ora-

258 3326 444 3384 culum
477 3326 854 3385 consulentem
878 3329 951 3384 ita
975 3327 1374 3386 confirmavere
1394 3341 1598 3401 sortes,
1624 3341 1718 3401 ut,
1744 3326 2011 3405 quicquid
