2372 3918
351 233 410 284 94
1022 221 1072 266 c.
1109 220 1401 267 sun‘romi

351 338 511 404 putat
541 326 612 398 is,
640 345 764 381 cum
792 324 1104 381 adversario
1134 325 1203 382 de
1222 325 1346 403 jure
1372 323 1503 396 sibi,
1530 322 1623 380 sed
1652 322 1720 379 de
1744 322 2074 396 soloecismo,

351 426 779 482 controversiam
819 426 1078 483 futuram.
1102 449 1129 479 >³
1167 427 1266 483 Hic
1313 425 1455 481 idem
1476 468 1491 496 ,
1524 444 1696 502 quum
1729 444 1795 481 ex
1828 425 2076 481 oratione

352 529 634 585 Tiberium
688 528 1157 606 reprehendisset,
1201 527 1510 585 affirmante
1541 528 1725 583 Atteio
1769 526 2076 603 Capitone,

349 653 377 682 <t
403 642 458 685 et
488 650 603 686 esse
631 628 767 686 illud
802 628 1067 702 latinum,
1109 641 1197 702 et,
1230 629 1275 685 si
1306 649 1419 685 non
1448 640 1622 701 esset,
1648 627 1896 684 futurum
1926 640 2075 683 certe
2113 699 2119 707 ⁴

344 731 459 807 jam
491 730 616 787 inde
641 752 654 786 ε
688 754 714 783 n
739 763 820 774 —-
842 730 1180 801 «Mentitur,
1202 753 1229 783 n
1253 731 1467 807 inquit,
1496 753 1522 781 (ε
1546 729 1761 806 Capite.
1792 729 1879 784 Tu
1908 728 2075 799 enim,

351 833 550 902 Caesar,
592 832 867 888 civitatem
900 830 1031 888 dare
1064 843 1217 910 potes
1250 831 1597 906 hominibuS,
1633 828 1805 886 verbo
1833 849 1945 884 non
1976 849 2076 906 po-

354 944 450 988 tes,
476 957 503 985 »
548 931 794 1010 Pugilem
831 930 963 988 olim
995 932 1190 1005 fuisse,
1226 933 1449 989 Asinius
1480 929 1674 990 Gallus
1715 930 1821 986 hoc
1854 930 1912 985 in
1946 949 2073 986 eum

352 1034 750 1112 epigrammate
781 1033 1018 1090 ostendit
1052 1055 1065 1090 t

508 1195 602 1252 Qui
630 1205 771 1256 caput
793 1196 854 1242 ad
877 1197 1040 1242 laevam
1062 1196 1239 1256 rejicit,
1263 1197 1543 1258 glossemata
1564 1196 1705 1241 nobis

577 1273 795 1333 Praecipit
820 1289 831 1318 :
859 1289 911 1318 os
946 1274 1155 1331 nullum,
1179 1275 1252 1319 vel
1276 1273 1434 1335 potius
1465 1273 1664 1334 pugilis!

429 1430 638 1484 XXIII.
657 1432 794 1486 Rem
802 1429 944 1485 mius
952 1427 1246 1500 Palaemon,
1263 1429 1610 1498 Vicentinus,
1624 1426 1868 1484 mulieris
1884 1447 2076 1499 verna,

351 1533 532 1609 primo
551 1575 566 1605 ,
593 1542 655 1587 ut
678 1531 886 1604 ferunt,
917 1532 1244 1602 textrinum,
1268 1530 1466 1588 deinde
1490 1530 1716 1589 herilem
1741 1528 1918 1586 filium
1943 1529 2077 1586 dum

353 1634 651 1689 comitatur
687 1634 744 1689 in
778 1632 1019 1708 scholas,
1054 1632 1260 1690 litteras
1289 1632 1482 1690 didicit
1515 1653 1529 1689 t
1563 1645 1749 1711 postea
1776 1633 2079 1689 manumis-

350 1753 441 1788 sus
460 1778 474 1803 ,
505 1733 695 1790 docuit
724 1737 915 1791 Romae
942 1755 954 1790 ε
985 1755 1048 1790 ac
1076 1735 1385 1813 principem
1417 1734 1600 1791 locum
1630 1735 1773 1790 inter
1802 1752 2076 1812 gramma-

352 1834 486 1889 ticos
513 1835 717 1906 tenuit,
749 1853 1084 1911 quamquam
1121 1834 1338 1891 infamis
1372 1835 1629 1891 omnibus
1663 1834 1836 1906 vitiis,
1868 1829 2078 1910 palam-

340 1954 460 2010 que
488 1947 543 1989 et
569 1934 791 1990 Tiberio
809 1978 823 2006 ,
857 1946 910 1990 et
941 1955 1069 1991 mox
1093 1933 1326 1991 Claudio
1344 1978 1358 2007 ,
1391 1933 1838 2012 praedicantibus,
1868 1933 2077 1990 nemini

353 2035 534 2089 minus
567 2035 968 2091 institutionem
995 2055 1295 2112 puerorum
1324 2035 1406 2091 vel
1431 2036 1697 2113 juvenum
1730 2036 2079 2091 committen-

352 2133 477 2190 dam
504 2155 516 2189 :
545 2135 638 2190 sed
673 2136 924 2213 capiebat
951 2136 1198 2192 homines
1223 2156 1394 2213 quum
1417 2137 1684 2192 memoria
1715 2156 1930 2208 rerum,
1955 2148 2074 2191 tum

348 2233 614 2290 facilitate
658 2237 926 2292 sermonis
966 2257 980 2292 ε
1015 2257 1117 2293 nec
1146 2257 1258 2293 non
1292 2249 1546 2314 poemata
1576 2235 1809 2293 faciebat
1842 2256 1908 2292 ex
1937 2248 2076 2292 tem-

350 2355 505 2412 pore.
539 2336 766 2413 Scripsit
795 2347 847 2392 et
874 2336 1037 2392 variis
1054 2379 1068 2408 ,
1096 2357 1198 2393 nec
1221 2337 1538 2415 vulgaribus
1567 2338 1771 2394 metriS.
1799 2339 2080 2415 Arrogan-

350 2435 426 2490 tia
451 2434 553 2491 fuit
584 2447 762 2508 tanta,
793 2448 854 2492 ut
876 2438 1132 2492 Marcum
1164 2439 1468 2494 Varronem
1484 2457 1720 2517 porcam
1749 2436 2079 2515 appellaret3

350 2555 534 2591 secum
579 2547 630 2591 et
668 2548 854 2607 natas,
886 2549 941 2592 et
975 2538 1269 2593 morituras
1302 2536 1543 2607 litteraS,
1574 2538 1829 2614 jactaret3
1874 2558 2076 2593 nomen

351 2655 510 2690 suum
543 2637 599 2690 in
632 2635 908 2692 Bucolicis
931 2658 1043 2692 non
1077 2649 1276 2693 temere
1296 2639 1571 2715 positum,
1600 2638 1693 2694 sed
1723 2639 2079 2716 praesagiente

349 2734 588 2812 Virgilio
607 2778 621 2806 ,
657 2735 773 2791 fore
802 2737 1131 2814 quandoque
1158 2739 1408 2794 omnium
1446 2751 1732 2816 poetarum
1761 2759 1825 2796 ac
1856 2760 2078 2816 poema-

356 2849 478 2892 tum
526 2835 892 2894 Palaemonem
924 2839 1187 2916 judicem.
1224 2839 1584 2897 Gloriabatur
1615 2841 1809 2912 etiam,
1840 2837 2078 2897 latrones

351 2938 635 3015 quondam
684 2941 787 2996 sibi
837 2953 1066 3019 propter
1116 2943 1355 2999 nominis
1410 2942 1779 3000 celebritatem
1826 2944 2073 3021 parsisse.

353 3040 611 3095 Luxuriae
644 3041 720 3097 ita
751 3040 981 3098 indulsit
1000 3085 1016 3113 ‚
1045 3054 1106 3098 ut
1137 3044 1331 3121 saepius
1365 3044 1421 3099 in
1453 3043 1540 3100 die
1575 3043 1809 3117 lavaret3
1842 3061 1943 3099 nec
1967 3042 2078 3098 suf-

352 3138 542 3194 ficeret
588 3142 858 3198 sumtibus
877 3185 892 3215 ,
920 3162 1257 3219 quamquam
1285 3163 1354 3220 ex!
1385 3143 1571 3200 schola
1599 3143 1947 3221 quadragena
1979 3163 2077 3198 an-

354 3259 463 3295 nua
499 3254 742 3317 caperet,
771 3263 834 3299 ac
862 3263 973 3299 non
1002 3241 1179 3300 multo
1212 3244 1394 3301 minus
1426 3266 1490 3301 ex
1524 3265 1581 3300 re
1610 3244 1896 3315 familiari,
1921 3245 2077 3320 cujus
