2554 4048
304 326 473 342 *BSMQSQR
479 322 2009 344 m§tn-§tntuuxsmssttttumumumwsstuttumnt=u=§u§§mmmmuu==

905 566 1388 654 NOTITIA

345 832 475 907 DE
528 831 996 906 SUETONII
1045 829 1297 938 VITA
1333 829 1456 902 ET
1506 827 1959 903 SCRIPTIS.

282 1334 529 1442 Nuus
573 1393 657 1438 est
687 1382 751 1439 C.
791 1380 1090 1438 Suetonius
1119 1378 1501 1459 Tranquillus'
1523 1379 1672 1438 circa
1713 1379 1871 1436 initia
1905 1375 2017 1436 'im-

279 1481 417 1559 perii
466 1480 881 1559 Vespasiani*;
943 1482 1195 1560 vixitque
1263 1481 1610 1560 temporibus
1667 1481 1895 1560 Trajani
1963 1493 2019 1537 et

283 1580 533 1640 Adriani.
563 1584 727 1639 Pater
761 1582 880 1658 ejus
912 1583 1213 1639 Suetonius
1250 1582 1452 1654 LeuiS‚
1483 1579 1630 1639 bello
1664 1581 2022 1651 Othoniano,

289 1679 396 1737 fuit
443 1682 617 1738 tertiae
667 1680 895 1738 decimae
932 1679 1167 1760 legionis
1209 1679 1465 1737 tribunus
1497 1679 2016 1759 angusticlavius**.

280 1783 479 1840 Cetera
524 1781 592 1838 de
639 1782 760 1860 ejus
805 1782 921 1839 vita
968 1802 1168 1860 parum
1211 1794 1513 1859 comperta.
1571 1782 1787 1839 Scimus
1836 1794 2022 1839 tamen

278 1902 406 1939 eum
439 1882 785 1940 tribunatum
816 1880 1055 1940 militum
1093 1881 1262 1939 fuisse
1290 1893 1679 1955 consecutum,
1713 1903 1883 1961 quem
1919 1883 2023 1940 ho-

281 2003 471 2040 norem
519 1984 707 2040 statim
749 1984 808 2041 in
840 1984 1220 2063 propinquum
1252 2004 1413 2041 suum
1447 1984 1699 2043 Caesenn.
1729 1982 2019 2041 Silvanum

281 2082 583 2142 transtulit.
614 2085 744 2142 Fuit
761 2105 984 2163 quoque
1017 2085 1281 2164 magister
1296 2082 1654 2164 epistolarum
1670 2085 2019 2163 imperatoris

281 2183 529 2242 Adriani.
555 2185 749 2259 Quum
781 2206 916 2243 vero
949 2184 1100 2264 apud
1134 2185 1427 2258 Sabinam,
1460 2185 1729 2265 principis
1758 2206 2018 2259 uxorem,

281 2284 605 2343 familiarius
650 2299 870 2366 ageret,
902 2307 969 2344 eo
1004 2307 1234 2344 munere
1264 2287 1517 2366 privatus
1548 2278 1646 2344 est,

361 2387 618 2445 Amicitia
652 2389 757 2446 sibi
793 2390 848 2445 in
873 2390 1067 2467 primis
1092 2388 1342 2445 devinxit
1374 2391 1438 2447 C.
1470 2388 1711 2446 Plinium
1735 2386 2020 2447 Caecilium

279 2487 622 2562 Secundum,
661 2490 757 2567 qui
788 2490 906 2568 ipse
937 2510 1041 2547 nos
1073 2488 1267 2546 edocet
1296 2510 1397 2547 cur
1431 2490 1702 2547 Nostrum
1730 2502 2021 2568 tantopere

350 2684 373 2706 *
397 2687 464 2734 Ut
488 2687 726 2749 conjicere
748 2689 859 2737 licet
882 2705 941 2737 ex
956 2690 1104 2753 ipsius
1126 2690 1312 2749 verbiS,
1331 2691 1380 2736 in
1401 2691 1512 2737 Ner.
1523 2722 1540 2746 ,
1571 2705 1676 2736 nvn
1702 2706 1714 2735 t
1744 2686 2026 2750 «Denique,

275 2779 434 2825 quum
455 2773 568 2826 post
580 2765 752 2829 viginti
778 2783 929 2814 annos
952 2766 1119 2833 (scilic.
1144 2785 1172 2815 a
1197 2777 1353 2815 morte
1370 2764 1593 2832 Neronis)
1622 2766 1923 2814 adolescente
1948 2780 2025 2811 me

281 2840 532 2888 exstitisset
554 2843 845 2891 conditionis
858 2845 1073 2907 incertae,
1086 2846 1241 2908 quise
1263 2846 1507 2893 Neronem
1533 2860 1633 2892 esse
1644 2844 1868 2906 jactaret,
1890 2851 1980 2891 etc.
1999 2862 2023 2884 u

281 2920 490 2965 Mortem
525 2919 616 2966 sibi
640 2921 872 2967 conscivit
904 2925 1059 2984 Nero,
1091 2940 1219 2972 anno
1257 2924 1355 2987 819
1390 2933 1503 2986 post
1535 2926 1738 2972 Romam
1768 2922 2024 2970 conditam.

280 2996 366 3041 'Ille
388 2996 537 3060 igitur
558 2999 923 3058 Pseudo-Nem,
945 2999 1083 3060 cujus
1106 3000 1321 3046 meminit
1346 3002 1537 3060 Noster,
1562 3000 1741 3047 exstitit
1769 3016 1896 3046 anno
1914 2998 2028 3059 839.

285 3070 454 3128 Quum
474 3090 590 3121 vero
623 3083 740 3121 tunc
763 3075 991 3137 temporis
1006 3076 1263 3122 Suetonius
1285 3084 1405 3122 esset
1425 3076 1524 3137 jam
1554 3076 1851 3134 adolescens,
1875 3076 2027 3138 liquet

285 3163 395 3194 eum
418 3147 560 3194 fuisse
582 3157 746 3194 natum
769 3146 893 3197 circa
915 3152 1049 3198 initia
1062 3152 1357 3215 Vespasiani,
1382 3153 1467 3215 qui
1489 3151 1839 3216 imperatoriam
1865 3151 2026 3214 digni-

287 3232 429 3271 tatem
456 3241 582 3272 anno
607 3227 703 3274 820
727 3237 963 3277 assecutus
989 3239 1071 3279 est.

355 3302 402 3324 *¹*
430 3303 502 3350 Cf.
538 3304 736 3360 Othon„
768 3321 813 3351 x.

517 3410 553 3444 1.
1804 3402 1817 3425 ¹
