2372 3918
404 275 462 319 72
1071 259 1121 306 C.
1161 257 1462 304 SUETONII

401 384 574 440 quum
606 374 1028 441 procuratorum
1064 382 1288 419 suorum
1327 364 1548 419 nomine
1581 362 1868 419 formalem
1903 362 2135 422 dictaret

401 462 716 541 epistolam,
761 464 839 520 sic
887 463 1099 542 coepit:
1145 463 1472 520 «Dominus
1512 475 1567 518 et
1616 462 1748 519 deus
1794 477 1981 520 noster
2029 466 2135 522 hoc

400 562 517 619 fieri
537 562 708 641 jubet.
732 587 760 616 »
783 563 948 621 Unde
973 563 1289 620 institutum
1315 564 1574 641 posthac,
1604 575 1665 619 ut
1691 583 1760 618 ne
1788 565 1991 642 scripto
2015 567 2138 642 qui-

379 662 526 720 ‘dem
559 683 623 719 ac
657 684 910 720 sermone
953 664 1278 740 cujusquam
1308 662 1681 742 appellaretur
1711 661 1889 720 aliter.
1916 667 2137 720 Statuas

399 764 503 820 sibi
537 765 595 820 in
625 764 904 842 Capitolio
943 785 1054 821 non
1090 766 1198 821 nisi
1227 785 1420 822 aureas
1450 777 1505 822 et
1537 778 1825 844 argenteas
1856 767 1990 843 poni
2018 787 2140 843 per-

398 866 574 938 misit,
613 885 678 921 ac
708 863 969 942 ponderis
1001 866 1153 921 certi.
1187 867 1355 921 Janos
1387 886 1658 943 arcusque
1690 887 1816 922 cum
1855 866 2138 944 quadrigis

399 979 455 1023 et
484 966 796 1045 insignibus
825 950 1239 1044 triumphorum
1265 989 1366 1045 per
1392 968 1641 1046 regiones
1669 969 1840 1024 Urbis
1867 980 2048 1024 tantos
2075 989 2139 1024 ac

399 1079 480 1124 tot
512 1069 804 1141 exstruxit,
840 1080 904 1124 ut
935 1067 1154 1124 cuidam
1181 1088 1354 1145 graece
1390 1069 1714 1146 inscriptum
1750 1070 1821 1124 sit
1851 1089 1864 1123 :
1897 1071 2136 1125 APKEI.

398 1167 733 1227 Consulatus
779 1167 1169 1246 septemdecim
1213 1169 1394 1246 cepit,
1437 1181 1575 1246 quot
1616 1182 1745 1225 ante
1781 1191 1909 1226 eum
1954 1191 2134 1226 nemo.

397 1272 480 1324 Ex
523 1269 726 1345 quibus
775 1281 986 1347 septem
1010 1332 1012 1334 ,
1036 1268 1246 1326 medios
1292 1269 1641 1326 continuavit
1678 1291 1690 1324 :
1724 1291 1917 1326 omnes
1949 1282 2135 1326 autem

399 1390 554 1446 poene
583 1368 747 1426 titulo
772 1382 937 1426 tenus
972 1370 1140 1447 gessit
1166 1391 1179 1425 ε
1210 1390 1310 1426 nec
1331 1390 1667 1446 quemquam
1699 1368 1846 1425 ultra
1872 1369 2137 1426 kalendas

392 1471 523 1527 maii
563 1491 578 1525 ε
610 1468 795 1547 plures
823 1469 895 1525 ad
919 1470 1042 1526 idus
1073 1490 1247 1547 usque
1277 1470 1577 1546 januarias
1610 1472 1746 1528 Post
1782 1481 1966 1525 autem
1998 1470 2139 1531 duos

399 1570 738 1648 triumphOS,
766 1571 1089 1628 Germanici
1116 1571 1448 1649 cognomine
1474 1581 1745 1639 assumtO,
1775 1570 2138 1647 septembrem

398 1690 642 1726 mensem
673 1682 728 1726 et
762 1670 1046 1727 octobrem
1077 1691 1142 1727 ex
1171 1668 1639 1748 appellationibus
1672 1673 1815 1739 suiS‚
1847 1672 2142 1727 Germani-

398 1791 525 1827 cum
562 1771 1065 1847 Domitianumque
1105 1771 1596 1840 transnominavit3
1630 1770 1779 1847 quod
1818 1769 1994 1826 altero
2025 1788 2142 1828 sus-

397 1872 629 1949 cepisset
658 1872 952 1948 imperium
972 1914 988 1940 ‚
1019 1871 1193 1927 altero
1219 1883 1383 1927 natus
1409 1883 1566 1927 esset.
1652 1935 1656 1939 st

478 1974 635 2030 XIV.
660 1975 766 2028 Per
784 1973 901 2028 haec
922 1970 1184 2028 terribilis
1209 1972 1426 2028 cunctis
1449 1984 1508 2028 et
1532 1973 1765 2045 invisuS,
1795 1972 2019 2028 tandem
2044 1993 2141 2050 op-

398 2092 619 2148 pressus
647 2084 729 2128 est
758 2073 1066 2128 amicorum
1093 2070 1534 2149 libertorumque
1567 2073 1894 2129 intimorum
1922 2074 2139 2149 conspi-

399 2173 644 2244 ratione,
671 2171 834 2230 simul
865 2184 919 2229 et
945 2173 1152 2228 uxoris.
1184 2176 1407 2228 Annum
1441 2171 1698 2249 diemque
1730 2171 1985 2228 ultimum
2014 2174 2139 2228 vitae

394 2273 507 2348 jam
542 2272 755 2349 pridem
793 2284 1112 2350 suspectum
1142 2258 1383 2329 habebat
1408 2294 1420 2328 :
1448 2273 1646 2329 horam
1678 2274 1874 2344 etiam,
1903 2294 2003 2329 nec
2024 2287 2139 2328 n'on

315 2417 323 2422 x
399 2384 452 2427 et
486 2393 657 2449 genus
688 2374 896 2428 mortis..
924 2371 1353 2429 Adolescentulo
1383 2372 1625 2430 Chaldaei
1653 2384 1851 2429 cuncta
1877 2372 2140 2450 praedixc·

400 2484 541 2527 rant.
574 2475 736 2528 Pater
762 2493 986 2550 quoque
1019 2494 1187 2550 super
1216 2493 1433 2529 coenam
1456 2473 1736 2549 quondam
1763 2472 1950 2550 fungis
1975 2473 2141 2530 absti-

400 2584 620 2628 nentem
668 2571 851 2650 palam
896 2574 1176 2643 irriserat,
1214 2554 1284 2628 'ut
1327 2574 1585 2650 ignarum
1624 2573 1786 2629 sortis
1816 2594 1952 2644 suae,
1987 2573 2139 2650 quod

399 2692 513 2727 non
544 2671 752 2728 ferrum
778 2674 964 2750 potius
990 2675 1226 2729 timeret.
1253 2673 1444 2746 Quare
1467 2672 1699 2750 pavidus
1725 2694 1944 2751 semper
1971 2685 2139 2750 atque

400 2774 619 2846 anxiuS,
646 2774 888 2830 minimis
914 2774 1078 2830 etiam
1104 2775 1513 2852 suspicionibus
1539 2786 1738 2852 praeter
1762 2773 1991 2830 modum
2012 2795 2138 2830 con-

400 2874 753 2944 movebatur3
787 2887 862 2949 ‘ut
911 2874 1108 2944 edicti,
1149 2875 1217 2930 de
1261 2874 1577 2932 excidendis
1623 2876 1797 2931 vineis
1831 2875 2137 2953 propositi,

402 2975 634 3052 gratiam
673 2974 852 3031 facere
894 2997 1006 3031 non
1044 2974 1150 3031 alia
1191 2976 1367 3054 magis
1411 2997 1471 3031 re
1513 2975 1830 3052 compulsus
1862 2975 2139 3044 credatur,

403 3094 570 3149 quam
594 3074 744 3151 quod
777 3076 951 3152 sparsi
980 3074 1149 3131 libelli
1180 3096 1307 3131 cum
1338 3076 1422 3131 his
1456 3076 1702 3158 versibus
1729 3090 1890 3133 erant
1921 3098 1932 3131 :

565 3223 651 3269 Κῆν
684 3239 733 3278 με
761 3223 890 3280 φάγῃς
922 3224 989 3266 ἐπὶ
1017 3224 1124 3279 ῥίζαν
1142 3254 1152 3273 ,
1185 3223 1289 3279 ὅμως
1324 3223 1383 3264 ἔτι
1409 3224 1725 3280 καρποφορήσω,

647 3288 662 3301 .

635 3303 768 3341 Οσσον
804 3302 1044 3343 ἐπισπεῖσαι
1079 3300 1259 3356 Καίσαρι
1291 3301 1481 3357 θυομένῳ.
