2372 3918
795 248 1103 294 ocTAvqu
1129 247 1465 294 Aucus'rus.
1926 249 1987 309 89

273 374 399 410 rum
427 351 575 426 tulit,
599 372 771 430 quum
797 352 1030 408 maxime
1057 363 1298 429 cuperet.
1333 350 1546 424 InfanS,
1572 353 1666 429 qui
1691 366 1989 431 conceptus

273 466 420 526 erat,
463 454 784 510 immaturus
828 462 911 507 est
948 450 1141 508 editus.
1181 450 1384 509 Juliam
1421 452 1662 529 primum
1697 452 1990 527 MarceIlO,

274 554 517 612 Octaviae
533 552 733 611 sororis
750 572 862 610 suae
877 549 1018 625 filio,
1040 563 1255 608 tantum
1274 550 1423 630 quod
1438 550 1732 630 pueritiam
1748 572 1989 630 egresse,

273 652 493 725 deinde,
528 665 593 710 ut
625 653 670 709 is
701 652 863 725 obiit,
891 653 972 709 M.
1002 652 1260 730 Agrippae
1291 662 1529 730 nuptum
1561 650 1735 724 dedit,
1770 665 1991 709 exorata

274 774 484 826 sorore,
513 764 576 809 ut
605 751 709 809 sibi
739 772 942 831 genero
970 750 1188 808 cederet
1215 772 1230 808 ε
1261 771 1391 808 nam
1420 764 1556 809 tunc
1583 753 1830 832 Agrippa
1856 751 1992 808 alte-

273 874 392 910 ram
416 850 806 910 Marcellarum
833 851 1092 926 habebat,
1118 862 1172 908 et
1195 872 1261 908 ex
1286 872 1351 908 ea
1372 850 1593 909 liberos.
1622 856 1743 909 Hoc
1769 873 1990 930 quoque

274 953 567 1025 defunct0,
615 952 836 1024 multiS,
885 973 950 1009 ac
993 952 1089 1008 diu
1107 996 1123 1025 ,
1166 953 1332 1009 etiam
1376 973 1441 1028 ex
1484 954 1725 1031 equestri
1766 953 1992 1026 ordine,

272 1054 680 1132 circumspectis
709 1053 1144 1126 conditionibuS,
1170 1053 1454 1111 Tiberium
1488 1055 1805 1133 privignum
1832 1076 1994 1111 suum

271 1153 431 1233 legit,
474 1155 762 1233 coegitque
803 1166 1176 1233 praegnantem
1224 1175 1483 1228 uxorem,
1525 1166 1581 1212 et
1622 1174 1689 1210 ex
1730 1175 1842 1231 qua
1878 1156 1991 1232 jam

271 1267 429 1335 pater
470 1268 619 1328 erat,
659 1255 951 1312 dimittere.
1001 1257 1081 1312 M.
1126 1255 1401 1313 Antonius
1445 1255 1664 1329 scribit,
1702 1257 1993 1313 «Primum

272 1376 397 1413 eum
435 1356 681 1413 Antonio
718 1354 831 1412 filio
874 1376 975 1412 suo
1013 1354 1367 1434 despondisse
1405 1354 1639 1427 Juliam;
1678 1356 1805 1413 dein
1843 1358 1995 1413 Coti-

273 1457 417 1529 soni,
448 1457 718 1513 Getarum
749 1455 867 1533 regi
901 1476 914 1510 :
950 1476 1062 1532 quo
1098 1467 1345 1532 tempore
1374 1455 1478 1511 sibi
1511 1476 1731 1532 quoque
1761 1456 1993 1513 invicem

273 1555 441 1613 filiam
472 1557 615 1634 regis
647 1556 705 1611 in
739 1556 1157 1612 matrimonium
1187 1555 1427 1633 petisset.
1445 1579 1472 1608 ι)

352 1658 552 1712 LXIV.
600 1656 844 1732 Nepotes
894 1674 960 1710 ex
1011 1655 1257 1730 Agrippa
1309 1666 1365 1709 et
1413 1653 1556 1709 Julia
1607 1666 1719 1710 tres
1769 1654 1995 1727 habuit,

273 1756 506 1826 Caium,
541 1757 810 1824 Luclum,
846 1765 903 1809 et
955 1754 1257 1830 Agrippam
1304 1774 1318 1808 z
1363 1764 1553 1830 neptes
1594 1752 1758 1827 duaS,
1793 1753 1995 1811 Juliam

271 1868 327 1912 et
354 1854 732 1934 Agrippinam.
769 1851 972 1911 Juliam
1002 1856 1064 1910 L.
1097 1852 1300 1926 Paulo,
1332 1854 1574 1910 censoris
1614 1853 1757 1928 filio,
1789 1856 1993 1934 Agrip-

216 2025 224 2041 ι
270 1956 458 2033 pinam
482 1955 842 2028 Germanioe,
865 1955 1067 2011 sororis
1091 1974 1201 2010 suae
1227 1953 1445 2031 nepoti,
1468 1953 1774 2012 collocavit.
1799 1956 1995 2013 Caium

271 2068 326 2112 et
343 2056 579 2113 Lucium
600 2054 907 2133 adoptavit,
936 2053 1086 2110 domi
1109 2075 1209 2132 per
1235 2074 1409 2111 assem
1435 2066 1490 2111 et
1517 2052 1715 2112 libram
1735 2068 1947 2134 emptos
1964 2079 1997 2114 a

272 2168 427 2233 patre
458 2155 704 2233 Agrippa
737 2175 750 2210 ε
783 2165 1111 2231 tenerosque
1136 2153 1319 2210 adhuc
1363 2154 1434 2210 ad
1467 2175 1658 2212 euram
1683 2156 1997 2234 reipublicae

271 2255 515 2312 admovit
539 2276 551 2310 :
580 2266 636 2310 et
670 2252 919 2311 consules
941 2252 1252 2332 designatos
1271 2255 1480 2311 circum
1505 2256 1816 2333 provincias
1841 2279 1995 2315 exer-

271 2355 522 2431 citusque
553 2353 775 2410 dimisit.
804 2352 998 2411 Filiam
1027 2365 1082 2410 et
1111 2366 1302 2432 neptes
1333 2355 1410 2410 ita
1436 2356 1702 2430 instituit,
1733 2368 1795 2413 ut
1831 2359 1993 2415 etiam

270 2455 508 2513 lanificio
537 2453 927 2526 assuefaceret,
959 2465 1277 2531 vetaretque
1306 2452 1460 2532 loqui
1502 2467 1597 2512 aut
1637 2476 1798 2534 agere
1838 2459 1993 2535 quic·

273 2577 465 2633 quam,
495 2556 597 2611 nisi
626 2552 939 2632 propalam,
969 2559 1023 2610 et
1052 2553 1203 2633 quod
1232 2546 1288 2610 in
1319 2553 1549 2612 diurnos
1575 2558 1995 2614 commentarios

271 2656 585 2712 referretur.
625 2658 1028 2712 Extraneorum
1070 2655 1293 2732 quidem
1329 2668 1475 2713 coetu
1512 2656 1648 2714 adeo
1683 2657 1996 2736 prohibuit,

274 2769 338 2814 ut
365 2757 427 2813 L.
460 2754 712 2826 Vinicio,
739 2753 888 2810 claro
919 2754 1229 2832 decoroque
1252 2758 1475 2834 juveni,
1508 2758 1789 2837 scripserit
1819 2781 1996 2837 quon-

274 2856 432 2929 dam,
471 2857 715 2912 «Parum
753 2853 997 2910 modeste
1034 2854 1222 2911 fecisse
1261 2877 1416 2928 eum,
1450 2857 1599 2935 quod
1635 2857 1800 2931 filiam
1840 2881 1995 2916 suam

275 2958 434 3014 Baias
456 2955 753 3014 salutatum
772 2955 1025 3011 venisset.
1044 2979 1071 3008 κ
1098 2957 1339 3035 Nepotes
1360 2970 1415 3014 et
1439 2957 1670 3031 litteras,
1696 2972 1750 3016 et
1779 2972 1994 3033 notare,

274 3057 490 3134 aliaque
522 3055 863 3127 rudimenta,
897 3076 997 3132 per
1030 3076 1087 3112 se
1121 3054 1448 3135 plerumque
1481 3057 1670 3116 docuit
1708 3082 1720 3115 :
1760 3080 1822 3116 ac
1855 3059 1993 3116 nihil

276 3178 429 3236 aeque
472 3155 805 3226 elaboravit,
850 3176 1015 3233 quam
1063 3170 1125 3213 ut
1173 3158 1519 3215 imitarentur
1566 3159 1991 3237 chirographum

277 3278 454 3314 suum.
485 3258 678 3334 Neque
714 3256 947 3312 coenavit
976 3277 1117 3329 una,
1157 3258 1258 3313 nisi
1297 3271 1357 3314 ut
1392 3260 1448 3314 iu
1486 3260 1594 3315 imo
1625 3257 1766 3316 lecto
1794 3259 1994 3316 asside-
