2372 3918
996 224 1305 271 TIBERIUS.
1902 245 1918 274 1
1931 245 1986 287 ²7

272 330 328 386 in
360 330 598 409 Syriam,
629 329 855 403 accidit,
888 340 950 385 ut
982 327 1131 406 apud
1159 326 1443 407 Philippos
1470 342 1691 386 sacratae
1719 331 1850 388 olim
1883 334 1992 389 vic-

272 432 488 488 tricium
509 430 785 509 legionum
813 448 920 486 arae
944 441 1140 506 sponte
1162 428 1355 486 subitis
1379 427 1712 486 collucerent
1737 433 1951 509 ignibus
1978 455 1990 489 :

271 519 325 588 et
354 553 503 604 mox,
534 551 707 608 quum
737 528 1015 607 Illyricum
1045 541 1234 607 petens
1265 530 1423 607 juxta
1467 532 1753 588 Patavium
1794 533 1993 590 adisset

270 634 541 711 Geryonis
561 627 874 703 oraculum,
903 642 1049 688 sorte
1080 642 1276 702 tracta,
1309 652 1420 708 qua
1448 632 1810 703 monebatur,
1836 646 1897 689 ut
1925 634 1993 690 de

269 732 765 791 consultationibus
803 732 858 788 in
903 733 1086 809 Aponi
1128 731 1331 789 fontem
1367 731 1504 790 talos
1534 753 1728 790 aureos
1757 734 1992 811 jaceret,

269 835 483 909 evenit,
516 846 579 891 ut
608 854 885 891 summum
917 853 1211 890 numerum
1241 833 1393 910 jactu
1421 834 1490 890 ab
1520 854 1586 890 eo
1614 833 1992 906 ostenderent3

268 935 539 1013 hodieque
575 934 678 992 sub
721 954 863 1012 aqua
905 933 1158 990 visuntur
1196 934 1255 990 hi
1296 933 1404 991 tali.
1445 937 1588 991 Ante
1627 954 1830 1012 paucos
1865 955 1994 991 vero

266 1056 435 1113 quam
474 1046 823 1092 revocaretur
863 1034 1002 1107 dies,
1046 1034 1259 1112 aquila,
1297 1055 1581 1112 nunquam
1614 1047 1777 1093 antea
1810 1036 1993 1092 Rhodi

266 1149 585 1215 conspecta,
609 1136 667 1192 in
687 1135 929 1194 culmine
946 1135 1143 1193 domus
1161 1136 1280 1214 ejus
1297 1135 1526 1193 assedit:
1553 1148 1607 1192 et
1631 1136 1807 1214 pridie
1829 1158 1992 1214 quam

267 1238 335 1295 de
367 1236 548 1296 reditu
580 1239 781 1294 certior
813 1237 995 1310 fleret,
1031 1238 1356 1295 vestimenta
1397 1238 1633 1294 mutanti
1673 1238 1859 1294 tunica
1903 1258 1991 1293 ar·

267 1339 395 1398 dere
421 1340 537 1396 visa
564 1351 661 1397 est.
696 1339 1045 1418 Thrasyllum
1078 1360 1299 1418 quoque
1328 1340 1803 1410 mathematicum,
1827 1360 1991 1417 quem

268 1452 331 1497 ut
363 1441 642 1518 sapientiae
682 1440 1045 1518 professorem
1082 1440 1445 1497 contubernio
1484 1439 1833 1513 admoverat,
1873 1453 1993 1496 tum

269 1543 504 1598 maxime
545 1553 799 1619 expertus
834 1554 938 1614 est,
986 1541 1383 1614 affirmantem,
1421 1561 1559 1597 nave
1600 1543 1819 1618 provisa
1857 1562 1992 1619 gau·

269 1642 420 1699 dium
449 1642 667 1714 afferri3
693 1662 866 1719 quum
894 1642 1118 1719 quidem
1141 1641 1294 1697 illum
1310 1685 1325 1712 ,
1350 1641 1543 1698 durius
1568 1654 1623 1697 et
1653 1655 1845 1698 contra
1864 1664 1996 1719 prae-

266 1744 413 1801 dicta
443 1743 763 1800 cadentibus
794 1743 981 1815 rebuS‚
1013 1755 1074 1798 ut
1109 1740 1305 1798 falsum
1335 1753 1390 1798 et
1419 1754 1755 1798 secretorum
1790 1755 1995 1798 temere

265 1845 569 1917 conscium,
608 1864 674 1900 eo
709 1844 828 1921 ipso
864 1855 1174 1914 moment0‚
1212 1842 1343 1898 dum
1377 1845 1647 1919 spatiatur
1679 1863 1823 1912 una,
1855 1865 1995 1921 prae-

266 1946 491 2023 cipitare
525 1946 582 2001 in
614 1965 765 2000 mare
795 1943 1130 2000 destinasset..

343 2050 466 2105 XV.
497 2051 729 2105 Romam
754 2065 1007 2102 reversus
1026 2087 1041 2118 ,
1073 2044 1311 2102 deducto
1343 2046 1398 2102 in
1432 2046 1614 2102 forum
1642 2046 1756 2102 filio
1783 2049 1993 2118 DruSO,

267 2149 447 2204 statim
476 2167 507 2203 e
534 2147 753 2204 Carinis
788 2166 852 2203 ac
875 2146 1211 2224 Pompeiana
1237 2146 1401 2202 domo
1424 2146 1694 2224 Esquilias
1719 2148 1775 2202 iu
1804 2147 1995 2203 hortos

266 2248 687 2304 Maecenatianos
717 2247 1128 2324 transmigravit
1158 2268 1171 2302 ε
1209 2258 1496 2324 totumque
1543 2267 1599 2302 se
1644 2246 1712 2303 ad
1754 2249 1995 2326 quietem

266 2347 523 2418 contulit,
543 2349 754 2426 privata
775 2348 938 2405 modo
957 2347 1134 2405 officia
1158 2348 1375 2422 obiem,
1402 2369 1465 2404 ac
1497 2348 1844 2425 publicorum
1878 2370 1997 2404 mu-

267 2470 462 2506 nerum
485 2470 694 2527 expers.
731 2450 867 2505 Caio
897 2462 952 2506 et
981 2450 1153 2506 Lucio
1188 2449 1332 2505 intra
1361 2450 1661 2505 triennium
1697 2448 1993 2516 defunctiS‚

266 2549 562 2628 adoptatur
577 2550 645 2606 ab
659 2551 908 2627 Augusto
924 2552 1087 2606 simul
1104 2571 1228 2606 cum
1248 2549 1416 2605 fratre
1430 2570 1622 2605 eorum
1635 2552 1714 2605 M.
1727 2551 1992 2628 Agrippa3

267 2662 487 2708 coactus
510 2651 661 2728 prius
683 2651 823 2727 ipse,
845 2651 1271 2723 Germanicum,
1296 2649 1479 2707 fratris
1502 2650 1585 2705 sui
1608 2629 1808 2722 filium,
1834 2650 1998 2728 adop-

269 2764 400 2808 tare.
441 2751 561 2807 Nec
605 2750 900 2827 quicquam
935 2762 1123 2826 postea
1163 2771 1265 2827 pro
1302 2749 1690 2828 patrefamilias
1728 2753 1869 2830 egit,
1901 2763 1997 2807 aut

262 2854 379 2931 jUS‚
417 2850 567 2929 quod
602 2847 963 2929 [adoptione]
998 2850 1279 2922 amiserat,
1320 2871 1383 2906 ex
1417 2848 1528 2907 ulla
1559 2864 1714 2928 parte
1750 2853 1992 2908 retinuit.

267 2957 412 3014 Nam
447 2971 623 3028 neque
654 2949 907 3023 donavit,
940 2970 1117 3027 neque
1148 2951 1466 3007 manumisit
1494 2972 1506 3007 :
1536 2973 1605 3007 ne
1635 2951 1994 3008 hereditatem

268 3053 516 3132 quidem,
546 3063 641 3107 aut
669 3049 844 3128 legata
869 3051 1115 3128 percepit
1140 3050 1252 3107 ulla
1282 3049 1467 3123 aliter,
1496 3071 1661 3127 quam
1694 3064 1753 3107 ut
1782 3051 1995 3128 peculio

269 3154 493 3212 referret
527 3163 766 3228 accepta.
801 3150 952 3209 Nihil
986 3171 1051 3207 ex
1083 3172 1149 3207 eo
1184 3164 1433 3228 tempore
1460 3152 1882 3228 praetermissum
1913 3164 1993 3207 est

267 3258 332 3314 ad
379 3253 715 3329 majestatem
760 3251 877 3328 ejus
919 3252 1254 3329 augendam,
1300 3272 1363 3308 ac
1397 3250 1572 3308 multo
1609 3252 1811 3329 magiS,
1846 3266 1992 3329 post-
