2372 3918
846 248 895 291 C.
931 249 959 292 J
961 247 1146 295 111.an
1181 248 1413 304 CAESAR.
1958 264 1985 306 7

349 354 499 408 XIV.
546 354 752 408 Praetor
782 362 1022 423 creatuS,
1059 350 1267 408 detecta
1298 351 1677 427 conjuratione
1706 350 1989 424 Catilinae,

267 466 569 531 senatuque
596 452 849 510 universo
878 452 936 508 in
963 443 1138 509 socios
1164 452 1420 509 facinoris
1447 449 1696 507 ultimam
1718 465 1991 511 statuente

268 573 511 629 poenam,
541 550 688 608 solus
715 552 1093 631 municipatim
1123 550 1472 622 dividendos,
1496 550 1990 631 custodiendosque

268 650 554 728 publicatis
585 653 775 723 boniS,
809 655 1036 710 censuit.
1074 654 1226 726 Quin
1268 664 1324 709 et
1364 663 1578 709 tantum
1616 663 1825 709 metum
1857 654 1986 732 inje-

268 754 346 817 cit
380 753 657 831 asperiora
687 752 1074 826 suadentibus,
1109 752 1408 811 identidem
1444 764 1752 826 ostentanS,
1786 766 1991 831 quanta

267 875 358 911 eos
400 854 457 909 in
500 866 778 931 posterum
821 876 853 912 a
892 855 1049 934 plebe
1087 876 1315 917 romana
1356 867 1602 913 maneret
1645 854 1886 928 invidia,
1930 868 1993 913 ut

268 951 336 1010 D.
369 953 641 1029 Silanum,
663 956 944 1014 consulem
974 956 1345 1036 designatum,
1371 977 1482 1012 non
1513 956 1753 1034 piguerit
1779 967 1993 1017 senten-

270 1055 399 1112 tiam
448 1077 637 1131 suam,
690 1059 819 1135 quia
868 1070 1081 1116 mutare
1126 1071 1288 1136 turpe
1337 1069 1488 1130 erat,
1540 1058 1993 1135 interpretatione

267 1152 469 1231 lenire,
519 1157 669 1216 velut
712 1160 932 1237 gravius
979 1173 1143 1237 atque
1191 1159 1305 1237 ipse
1349 1158 1601 1215 sensisset
1647 1169 1930 1235 exceptam
1976 1180 1990 1213 ε

268 1256 700 1337 obtinuissetque
734 1259 903 1332 adeo,
933 1260 1261 1320 transductis
1291 1259 1361 1318 ad
1392 1280 1447 1317 se
1477 1259 1591 1336 jam
1622 1258 1904 1336 pluribus,
1939 1268 1993 1314 et

268 1357 326 1412 in
358 1359 443 1415 his
473 1362 754 1418 Ciceronis
785 1362 1023 1419 consulis
1060 1362 1257 1436 fratre,
1295 1363 1399 1420 nisi
1433 1361 1708 1420 labantem
1743 1358 1993 1416 ordinem

269 1456 639 1516 confirmasset
666 1463 746 1516 M.
780 1463 1006 1519 Catonis
1037 1462 1232 1518 orati0.
1262 1463 1343 1519 Ac
1375 1482 1444 1517 ne
1470 1461 1548 1516 sic
1577 1458 1798 1537 quidem
1824 1459 1994 1535 impe-

269 1556 387 1613 dire
428 1579 542 1614 rem
589 1559 823 1632 destitit,
861 1561 1044 1638 quoad
1082 1582 1255 1636 usque
1298 1582 1493 1623 manus
1529 1560 1778 1637 equitum
1817 1579 1995 1616 roma-

268 1679 493 1731 norum,
515 1680 635 1736 quae
657 1672 868 1717 armata
896 1660 1132 1739 praesidii
1160 1681 1325 1717 causa
1353 1659 1768 1730 circumstabat,
1796 1659 1995 1715 immo-

269 1756 510 1816 deratius
534 1761 906 1838 perseveranti
934 1781 1120 1818 necem
1147 1760 1481 1817 comminata
1505 1771 1587 1816 est
1609 1780 1621 1814 :
1646 1758 1810 1814 etiam
1839 1758 1995 1815 stric-

271 1869 354 1914 tos
375 1857 586 1936 gladios
614 1881 786 1938 usque
807 1882 872 1918 eo
895 1862 1197 1933 intentans,
1227 1873 1290 1918 ut
1318 1859 1597 1918 sedentem
1619 1880 1730 1916 una
1757 1859 1995 1937 proximi

271 1956 638 2033 deseruerint,
673 1961 765 2017 vix
802 1962 963 2038 pauci
1003 1959 1294 2039 complexu
1338 1972 1575 2039 togaque
1615 1960 1827 2037 objecta
1866 1979 1995 2036 pro-

271 2058 520 2115 texerint.
561 2063 719 2118 Tunc
758 2059 921 2139 plane
960 2061 1281 2135 deterrituS,
1317 2083 1430 2118 non
1464 2060 1631 2118 modo
1672 2060 1863 2132 cessit,
1901 2058 1997 2116 sed

272 2158 437 2214 etiam
469 2161 526 2216 in
561 2159 832 2239 reliquum
863 2164 992 2221 anni
1022 2176 1235 2241 tempus
1264 2164 1420 2221 curia
1449 2162 1731 2220 abstinuit.

350 2261 473 2316 XV.
516 2262 702 2318 Primo
743 2275 993 2340 praeturae
1039 2263 1125 2321 die
1168 2265 1240 2338 Q.
1286 2262 1549 2322 Catulum
1595 2262 1663 2319 de
1706 2260 2000 2319 refectione

274 2358 532 2436 Capitolii
580 2360 649 2418 ad
697 2362 1129 2440 disquisitionem
1174 2362 1368 2443 populi
1411 2363 1662 2435 vocavit,
1712 2361 2000 2438 rogatione

274 2458 651 2538 promulgata,
682 2484 789 2540 qua
819 2466 1159 2522 curationem
1186 2485 1306 2521 eam
1337 2465 1394 2521 in
1423 2462 1593 2520 alium
1621 2461 1997 2519 transferebat.

274 2559 481 2616 Verum
524 2562 701 2640 impar
745 2565 1095 2641 optimatium
1134 2565 1556 2643 conspirationi,
1595 2583 1766 2641 quoS,
1807 2560 2003 2619 relicto

276 2660 458 2715 statim
500 2682 771 2722 novorum
816 2665 1104 2728 consulum
1149 2665 1360 2737 offici0,
1405 2664 1722 2742 frequentes
1762 2662 2004 2720 obstina-

278 2769 468 2835 tosque
499 2760 569 2815 ad
603 2763 963 2821 resistendum
1003 2767 1344 2824 concurrisse
1380 2766 1665 2839 cernebat,
1703 2764 1847 2821 hanc
1881 2763 2004 2840 qui-

279 2856 401 2913 dem
431 2860 699 2917 actionem
731 2861 1000 2940 deposuit.
1222 2938 1226 2943 .

358 2962 507 3017 XVI.
555 2964 808 3019 Ceterum
842 2963 1063 3021 Caecilio
1089 2964 1348 3039 Metello,
1386 2967 1614 3023 tribuno
1650 2964 1855 3043 plebis,
1890 2975 2008 3019 tur-

279 3059 685 3120 bulentissimas
720 3062 862 3143 leges
899 3064 1160 3123 adversus
1195 3066 1532 3144 collegarum
1563 3066 2006 3123 intercessionem

281 3159 502 3236 ferenti,
542 3175 819 3221 auctorem
857 3180 1441 3245 propugnatoremque
1480 3187 1537 3223 se
1575 3162 2020 3253 pertinacissime

284 3264 559 3342 praestitit3
582 3263 755 3321 donec
778 3267 940 3323 ambo
959 3266 1433 3324 administratione
1455 3265 1767 3344 reipublicae
1789 3261 2007 3319 decreto
