2372 3918
764 256 831 302 IN
866 255 1004 300 OCT.
1041 254 1411 302 AUGUSTUM.
1868 255 1960 301 205

226 348 397 409 quietis
422 348 606 397 territo.
624 370 645 393 ι
661 350 731 398 ef.
758 353 1059 409 Purrumm,
1082 350 1308 407 inBr-ue„
1334 367 1384 412 p.
1418 352 1540 397 1003
1557 386 1570 409 ,
1596 360 1643 398 et
1665 354 1781 399 Vn„
1800 355 1927 399 Max.
1942 388 1956 406 ‚

225 442 265 484 ¹5
294 444 337 485 79
378 443 416 472 ¹·

287 505 535 567 Prospere.
560 505 677 564 Dio,
702 520 865 564 vau,
890 521 938 567 p.
975 503 1070 551 352
1104 521 1116 550 :
1148 501 1223 571 Ῠφ*
1241 507 1360 572 οὗπερ
1393 512 1463 557 καὶ
1486 512 1629 560 ἐσώθη.

287 582 526 628 Proebens.
561 583 682 641 Dio,
709 598 817 642 mv,
846 597 895 643 p.
936 580 1029 637 546
1061 598 1073 628 :
1104 578 1199 636 Heln
1232 585 1282 634 δὲ
1314 589 1385 635 καὶ
1421 591 1547 634 ἐκεῖνο
1580 592 1757 643 ἤκουσα,
1791 590 1853 632 ὅτι
1887 589 1958 632 καὶ

199 662 319 706 ’ἄλλο’
343 681 384 707 τι
408 666 588 724 ἀργυριον
615 668 659 710 ἔκ
684 665 818 724 λογίου
839 682 962 719 τινος,
991 667 1018 715 ἢ
1043 664 1112 708 καὶ
1142 666 1359 725 ὀνείρατος,
1389 666 1613 725 παρὰττῶν
1647 666 1956 724 προστυχόντων

220 739 278 793 oi,
301 742 350 790 ὡς
380 740 450 785 καὶ
474 748 730 802 προσαιτῶν,
762 744 800 786 ἐν
830 746 905 802 μιᾷ
932 747 1004 786 τοῦ
1031 744 1142 793 ἔτους
1173 745 1306 802 ἡμέρᾳ
1341 742 1561 803 ἑλοίμῧοινε.

287 812 399 858 Cu».
423 814 574 860 XCII.
601 815 913 860 Induceretur.
932 812 1077 872 Plin.,
1102 816 1160 860 H.
1193 817 1275 870 N„
1312 832 1381 873 11,
1407 831 1433 874 7
1462 831 1473 860 z
1498 814 1689 861 «Divus
1713 817 1959 877 Augustus

216 887 386 934 laevum
414 889 631 949 prodidit
662 890 753 936 sibi
784 892 991 936 calceum
1013 900 1303 952 praepostere
1333 892 1609 954 inductum,
1636 907 1736 954 quo
1767 890 1845 937 die
1882 906 1957 936 se-

217 964 398 1012 ditione
420 966 612 1013 militari
638 984 795 1030 prope
826 966 1031 1014 afflictus
1055 977 1167 1014 est.

283 1045 525 1089 Palmam.
552 1046 699 1103 Quod
722 1045 918 1107 quidem
935 1055 1173 1093 ostentum
1203 1046 1374 1092 Caesari
1396 1046 1606 1093 evenisse
1631 1054 1830 1093 testatur
1843 1045 1958 1091 Plu-

213 1119 362 1166 tarch.
390 1121 442 1165 in
477 1120 595 1167 Coes.
611 1156 629 1178 ,
661 1138 710 1183 p.
739 1124 849 1181 730.
1462 1138 1464 1140 ·

283 1197 616 1260 Οονηρῖιινίιινη.
644 1196 743 1247 Ara
758 1201 827 1247 ibi
849 1209 950 1247 erat
966 1201 1167 1248 deorum
1191 1202 1465 1261 Penatium
1484 1212 1652 1250 contra
1665 1203 1810 1248 Lares
1826 1202 1956 1247 cole-

210 1273 390 1320 Bantur
403 1275 454 1320 in
466 1276 577 1322 foco
590 1312 603 1335 ‚
621 1276 706 1339 qui
722 1287 821 1324 erat
835 1279 886 1324 in
901 1278 1044 1338 atrio,
1061 1287 1255 1325 notante
1280 1281 1349 1326 Cl.
1367 1283 1513 1327 Hase.
1530 1308 1597 1315 -—
1610 1282 1684 1325 De
1697 1279 1959 1341 compluvia

211 1352 276 1397 sic
290 1354 442 1399 Varro
457 1356 543 1412 ,L.,
558 1357 611 1401 L.
624 1391 638 1414 ,
652 1372 720 1414 Π,
742 1357 802 1403 33
821 1373 833 1402 t
851 1376 872 1398 «
891 1356 944 1403 Si
965 1356 1183 1403 relictum
1200 1367 1300 1404 erat
1323 1358 1373 1403 in
1389 1359 1548 1405 medio
1566 1356 1669 1422 (scil
1700 1357 1826 1403 inter
1839 1356 1957 1403 duas

210 1427 368 1493 aedes),
413 1440 470 1478 ut
512 1433 667 1478 lucem
706 1441 920 1494 caperet,
955 1434 1179 1481 deorsum
1217 1451 1318 1497 quo
1363 1435 1649 1498 impluebat,
1685 1435 1955 1496 impluvium

210 1505 416 1566 dictum3
447 1517 494 1554 et
515 1525 701 1556 sursum
731 1526 830 1572 qua
860 1512 1189 1573 compluebat,
1213 1514 1582 1574 compluvium.»

277 1586 492 1631 AEnaria.
517 1588 675 1633 Insula
699 1588 991 1648 Campaniae,
1021 1588 1208 1635 Miseno
1231 1581 1570 1651 promontorio
1603 1582 1816 1650 objecta,
1848 1603 1955 1649 quae

209 1649 458 1707 dicebatur
489 1679 687 1725 quoque
717 1664 988 1710 Pcmthecusa
1022 1666 1260 1727 Appiam,
1294 1669 1351 1712 B.
1390 1667 1468 1723 C.,
1495 1683 1544 1728 p.
1582 1682 1637 1725 71
1654 1683 1671 1711 ι
1710 1665 1956 1730 εᾸφικόμε-
2011 1702 2018 1706 -

206 1763 267 1794 νος
301 1741 342 1787 δ’
382 1748 401 1789 ὃ
447 1745 583 1791 Δίῧων
617 1750 655 1799 ἐς
690 1755 809 1796 νῆσον
843 1749 1021 1807 ὡρμίσθη
1057 1749 1131 1799 τὰς
1165 1752 1470 1805 Πιθηκούσσας,
1499 1752 1525 1799 ἢ
1551 1756 1616 1795 νῦν
1648 1749 1753 1794 ἐστὶν
1778 1750 1953 1807 Αἰναρίς.

207 1819 279 1862 De
303 1834 356 1864 re
390 1820 462 1865 Cf.
488 1823 686 1879 Suum,
715 1837 771 1881 v,
795 1838 844 1883 p.
879 1838 984 1880 171.

274 1896 540 1959 Nundqfias.
571 1898 776 1956 Quoties
799 1897 850 1943 in
882 1898 975 1944 kal.
1008 1900 1247 1959 januarias
1270 1901 1572 1960 indicebant,
1597 1899 1953 1947 intercalatione

207 1980 339 2017 extra
391 1974 611 2020 ordinem
650 1975 801 2034 facta,
839 1984 1125 2041 συνέμπτωσιν
1166 1976 1301 2023 illam
1335 1978 1588 2039 pontifices
1625 1976 1953 2031 declinabant,

207 2058 329 2094 auct.
355 2051 523 2110 Dion.‚
557 2068 750 2112 xnvxu,
775 2069 824 2114 p.
853 2052 944 2112 377
963 2089 976 2112 ,
1013 2054 1098 2116 qui
1123 2054 1258 2100 addit
1282 2072 1293 2101 :
1326 2052 1481 2121 «ὥπερ
1515 2064 1597 2106 ἀπὸ
1638 2067 1709 2106 τοῦ
1742 2061 1853 2103 πάνυ
1883 2060 1955 2116 ἀρ-

203 2133 321 2189 χαίου
349 2131 509 2193 σφόδρα,
532 2136 794 2193 ἐφυλάσσετο.
818 2131 1033 2175 Macrob.
1050 2165 1064 2185 ,
1098 2132 1284 2178 Satur-n.
1301 2166 1316 2187 ,
1353 2149 1396 2190 1,
1415 2134 1485 2190 ,13
1519 2149 1530 2179 z
1569 2131 1804 2189 «Quoties
1827 2130 1951 2175 inci-

202 2202 362 2262 piente
386 2220 512 2250 anno
537 2205 636 2252 dies
659 2206 828 2268 coepit,
854 2207 939 2268 qui
962 2207 1181 2254 addictus
1204 2217 1274 2254 est
1296 2209 1546 2267 nundinis,
1576 2208 1729 2255 omnis
1753 2208 1829 2254 ille
1858 2223 1946 2253 an-

203 2279 292 2326 nus
309 2279 522 2328 infaustis
535 2284 720 2330 casibus
742 2277 988 2330 luctuosus
1011 2285 1122 2342 fuit3
1138 2286 1437 2347 maximeque
1452 2286 1718 2348 Lepidiano
1741 2285 1950 2330 tumultu

203 2357 369 2417 opinio
392 2359 481 2405 ista
502 2358 688 2406 firmata
713 2370 793 2407 est.
817 2381 843 2403 n

269 2437 379 2482 Cn.
423 2438 594 2483 XCIII.
629 2441 862 2485 Im'tiatus.
887 2442 942 2490 A,
983 2440 1044 2486 U.
1079 2439 1197 2499 723,
1234 2439 1424 2488 devicto
1455 2440 1684 2487 Antonio.
1722 2440 1843 2497 Dio,
1876 2454 1948 2494 ιι,

200 2528 248 2572 P·
289 2512 380 2569 445
413 2531 423 2559 :
462 2535 481 2556 t<
500 2524 563 2566 Τοί
601 2540 646 2566 τε
671 2525 709 2567 ἐν
742 2530 794 2582 τῇ
821 2516 978 2569 Ελλάδι
1010 2520 1216 2582 διῴκησε,
1249 2524 1422 2569 καὶτῶν
1451 2527 1543 2569 ταῖν
1572 2526 1682 2569 θεαῖν
1717 2523 1943 2583 μυστηρίων

203 2595 441 2654 μετέλαέεν.

269 2668 379 2713 Cn.
405 2669 571 2714 XCIV.
614 2671 762 2714 Tacta
789 2671 848 2715 de
879 2674 1012 2718 coelo.
1043 2673 1101 2718 H.
1133 2688 1200 2731 e.,
1227 2672 1320 2718 icta
1356 2670 1581 2730 fulmine,
1604 2679 1660 2717 ut
1694 2671 1744 2717 in
1767 2670 1944 2728 Tacit.‚

201 2746 410 2801 AnnaL,
461 2761 572 2803 x1v‚
614 2762 669 2792 12
711 2765 721 2792 :
765 2768 783 2788 «
822 2749 976 2794 Tactae
1016 2749 1075 2797 de
1123 2751 1244 2797 coelo
1278 2748 1643 2811 quatuordecim
1678 2747 1826 2795 Urbis
1866 2764 1944 2793 re-

200 2817 415 2883 gionesan
535 2879 539 2885 Ι

268 2902 349 2943 Ad
372 2901 568 2946 exitium
595 2904 680 2948 sui.
714 2903 840 2961 Liv.‚
871 2920 997 2962 vur,
1037 2911 1092 2960 ¹4
1130 2921 1141 2949 ε
1175 2926 1193 2945 «
1222 2906 1278 2950 In
1309 2905 1579 2951 Veliternos
1619 2904 1743 2950 cives
1777 2917 1941 2948 roma-

198 2992 309 3034 nos,
334 2977 469 3038 quod
495 2979 633 3025 toties
649 2981 974 3041 rebellassent,
999 2982 1206 3044 graviter
1231 2982 1442 3028 saevitum
1473 2999 1484 3028 ε
1519 2991 1565 3028 et
1588 2982 1707 3027 mari
1744 2979 1942 3041 dejecti,

199 3060 245 3098 et
270 3061 458 3099 senatus
481 3054 592 3102 inde
623 3056 878 3115 abductus,
902 3057 1115 3120 jussique
1147 3067 1274 3105 trans
1305 3059 1514 3105 Tiberim
1536 3058 1764 3104 habitare.
1796 3078 1816 3098 ι»

263 3130 415 3176 Julius
439 3133 709 3179 Marathus.
747 3136 818 3180 De
844 3151 942 3196 quo
972 3151 1141 3197 supra,
1173 3152 1275 3198 cap.
1312 3153 1476 3183 Lxxtx.

267 3208 351 3251 Ad
380 3210 615 3256 oemrium.
640 3211 791 3269 Quod
822 3221 922 3258 erat
959 3212 1007 3258 in
1038 3212 1136 3258 aede
1169 3214 1362 3260 Saturni
1397 3232 1405 3259 :
1441 3214 1617 3259 nullam
1653 3221 1811 3257 autem
1846 3210 1939 3254 vim

197 3282 462 3343 habebant,
486 3295 737 3348 antequam
764 3304 820 3334 eo
851 3288 1003 3335 delata
1033 3298 1198 3335 essent.
