2372 3918
331 275 388 324 [gl.
1006 276 1057 319 C.
1094 275 1390 320 SUETONII

330 387 540 431 emtum
552 416 567 446 ‚
583 376 927 433 nunciantes
950 379 1263 435 Auctoritas
1279 390 1335 434 et
1347 379 1503 455 quasi
1522 379 1777 454 majestas
1793 378 2068 455 quaedam,

329 486 390 529 ut
429 474 635 531 scilicet
683 475 972 555 inopinato
1003 490 1057 533 et
1104 477 1285 534 adhuc
1332 500 1478 535 novo
1518 478 1786 555 principi,
1830 478 2019 535 deerat
2055 501 2067 534 τ

330 575 446 631 haec
483 578 984 653 quoque-accessit.
1024 581 1071 634 E
1113 576 1273 656 plebe
1304 579 1532 657 quidam
1560 578 1862 635 luminibus
1905 580 2067 636 orba-

326 687 451 748 tus,
493 677 624 733 item
668 676 806 734 alius
858 677 1025 734 debili
1078 699 1271 751 crure,
1315 679 1599 736 sedentem
1645 701 1748 757 pro
1803 679 2068 735 tribunali

327 777 536 853 pariter
573 778 859 853 adierunt,
898 791 1117 836 orantes
1148 800 1310 857 opem
1349 778 1687 851 valetudini,
1722 779 2068 836 demonstra-

332 888 441 932 tam
482 898 515 934 a
557 878 821 956 Serapide
857 900 956 957 per
987 881 1230 957 quietem
1270 902 1283 936 ε
1320 882 1712 938 restituturum
1748 879 1972 951 oculoS‚
2023 882 2069 936 si

327 977 650 1056 inspuisset3
676 980 1137 1037 confirmaturum
1171 1002 1327 1051 crus,
1349 983 1395 1038 si
1419 982 1745 1060 dignaretur
1770 980 1919 1038 calce
1939 1002 2069 1037 con-

327 1079 561 1156 tingere.
597 1082 785 1154 Quum
809 1083 908 1138 'vix
932 1081 1067 1138 fides
1100 1096 1266 1155 esset,
1299 1104 1418 1139 rem
1450 1082 1566 1139 ullo
1597 1082 1764 1140 modo
1792 1103 2068 1139 successu·

323 1199 478 1250 ram,
530 1179 764 1258 ideoque
800 1203 882 1238 ne
927 1184 1166 1261 experiri
1209 1183 1433 1260 quidem
1485 1184 1743 1257 auderet3
1788 1197 2037 1240 extremo

327 1278 683 1339 hortantibus
718 1283 935 1353 amicis,
962 1282 1148 1360 palam
1183 1304 1286 1360 pro
1313 1284 1580 1340 concione
1611 1296 1909 1361 utrumque
1939 1297 2060 1341 ten·-

326 1382 463 1437 tavit
487 1402 500 1437 ε
522 1402 624 1438 nec
635 1395 873 1439 ‘eventus
898 1383 1090 1439 defuit.
1108 1386 1214 1439 Per
1239 1383 1386 1439 idem
1412 1396 1629 1461 tempus
1657 1387 1851 1462 Tegeae
1877 1387 1934 1441 in
1959 1388 2064 1442 Ar-

324 1480 508 1553 cadia,
537 1484 804 1540 instinctu
843 1484 1294 1557 vaticinantium,
1321 1483 1515 1540 effossa
1545 1496 1675 1540 sunt
1706 1497 1920 1541 sacrato
1940 1484 2064 1542 loco

322 1602 454 1639 vasa
494 1584 677 1661 operis
729 1584 967 1661 antiqui,
1016 1595 1182 1660 atque
1226 1585 1383 1640 iniis
1431 1583 1683 1641 assimilis
1726 1586 2066 1663 Vespasiano

320 1685 523 1763 imago,

403 1791 561 1854 VIII.
594 1788 746 1846 Talis
779 1803 1045 1868 tantaque
1076 1813 1202 1847 cum
1249 1792 1486 1848 fama.in
1522 1792 1734 1849 Urbem
1773 1813 2027 1849 reversus
2047 1836 2062 1864 ,

322 1902 447 1946 acto
475 1890 544 1951 de
560 1892 764 1948 Judaeis
790 1893 1114 1969 triumpho,
1135 1892 1457 1967 consulatus
1482 1906 1607 1949 octo
1637 1901 1808 1949 veteri
1830 1892 2061 1949 addidit.

323 1992 575 2068 Suscepit
608 2004 662 2048 et
693 2013 1026 2049 censuram:
1058 2014 1121 2049 ac
1149 2015 1250 2071 per
1273 1995 1707 2071 totum.imperii
1738 2007 1953 2071 tempus
1983 1995 2064 2049 ni-

320 2089 398 2146 hil
424 2091 622 2148 habuit
645 2095 955 2171 antiquiUS‚
983 2116 1150 2171 quam
1174 2116 1349 2173 prope
1373 2094 1635 2151 afflictam
1662 2107 2063 2171 nutantemque

316 2190 723 2271 rempublicam
755 2194 1001 2251 stabilire
1022 2197 1234 2272 prim0,
1265 2195 1464 2252 deinde
1496 2209 1550 2252 et
1579 2217 1796 2252 ornare.
1827 2194 2061 2267 Milites,

314 2314 444 2370 pars
473 2295 717 2351 victoriae
743 2295 945 2352 fiducia
967 2340 981 2368 ,
1013 2317 1141 2374 pars
1163 2297 1483 2374 ignominiae
1505 2295 1721 2366 dolore,
1743 2297 1814 2352 ad
1837 2318 2060 2353 omnem

317 2393 595 2451 licentiam
631 2395 1031 2474 audaciamque
1058 2411 1455 2475 processerant.
1494 2397 1602 2454 Sed
1637 2411 1691 2453 et
1724 2399 2058 2476 provinciae,

320 2496 679 2573 civitatesque
714 2495 924 2570 liberae,
963 2518 1066 2554 nec
1097 2519 1211 2554 non
1256 2511 1311 2554 et
1354 2519 1524 2576 regna
1562 2498 1813 2574 quaedam
1847 2497 2057 2555 tumul-

319 2598 533 2653 tuosius
562 2598 706 2654 inter
736 2619 793 2655 se
825 2600 1093 2676 agebant.
1132 2600 1323 2672 Quare
1353 2597 1788 2656 Vitellianorum
1831 2599 2055 2676 quidem

316 2711 372 2754 et
399 2701 781 2756 exauctoravit
810 2698 1080 2776 plurimos
1101 2712 1202 2769 ‚et
1235 2700 1478 2756 coercuit
1518 2722 1530 2756 ,τ
1566 2685 1929 2778 participibus
1960 2721 2056 2755 au-

316 2811 429 2854 tem
453 2799 863 2856 victoriaeadeo
887 2800 1026 2856 nihil
1054 2813 1210 2857 extra
1239 2801 1491 2858 ordinem
1516 2799 1775 2872 indulsit,
1802 2814 1863 2856 ut
1887 2802 2050 2857 etiam

256 2907 258 2909 ’
314 2898 562 2978 legitima
586 2902 811 2978 praemia
840 2923 953 2957 non
989 2903 1094 2958 nisi
1130 2923 1252 2958 sero
1275 2896 1616 2979 persolverit.
1647 2906 1753 2974 Ae,
1791 2922 1860 2957 ne
1885 2922 2052 2978 quam

318 3003 660 3058 occasionem
692 3002 1007 3081 corrigendi
1035 3002 1382 3079 disciplinam
1420 3004 1887 3080 praetermitteret,
1921 3002 2054 3057 ado-

312 3099 707 3173 lescentulum,
745 3103 1083 3182 fragrantem
1123 3116 1434 3181 unguent0‚
1469 3125 1640 3180 quum
1688 3104 1791 3159 sibi
1824 3124 1926 3180 pro
1950 3103 2050 3157 im-

316 3214 526 3278 petrata
546 3203 873 3281 praefectura
897 3205 1100 3282 gratias
1125 3217 1340 3282 ageret,
1373 3217 1509 3260 nutu
1538 3209 2047 3282 aspernatussvoce

313 3304 475 3359 etiam
510 3306 830 3382 gravissima
864 3306 1175 3382 increpuit,
1226 3330 1251 3357 (ι
1289 3304 1607 3362 Maluissem
1630 3349 1643 3373 ‚
1688 3304 2043 3360 alliumabo-
