2372 3918
919 508 1279 596 NERO.

993 778 1214 794 *

240 996 283 1049 I.
326 945 461 1052 Ex
500 1003 659 1071 gente
697 992 943 1051 Domitia
973 990 1095 1048 duoe
1131 989 1351 1048 familiae
1391 989 1739 1065 claruerunt,
1773 991 1957 1051 Calvi-

239 1113 438 1149 norum
458 1135 475 1165 ,
505 1105 559 1149 et
595 1092 1047 1150 AEnobarborum.
1070 1091 1370 1150 AEnobarbi
1395 1104 1671 1149 auctorem
1704 1093 1954 1172 originis,

239 1195 479 1271 itemque
521 1194 895 1272 cognominiS,
939 1192 1144 1250 habent
1178 1195 1241 1250 L.
1277 1194 1583 1250 Domitium
1626 1215 1640 1250 :
1687 1195 1776 1254 cui
1830 1216 1959 1253 rure

239 1294 519 1370 quondam
549 1295 842 1350 revertenti
870 1294 1099 1372 juvenes
1127 1295 1332 1372 gemini
1351 1295 1664 1374 augustiore
1693 1295 1868 1354 forma
1894 1318 1959 1353 ex

241 1414 474 1450 occursu
508 1395 802 1471 imperasse
841 1393 1155 1466 traduntur,
1187 1396 1471 1452 nunciaret
1503 1397 1713 1452 senatui
1755 1417 1820 1453 ac
1855 1418 1957 1474 po-

241 1492 374 1571 pulo
408 1495 697 1550 victoriam
715 1536 731 1565 ,
761 1492 828 1549 de
855 1513 965 1570 qua
1006 1494 1274 1550 incertum
1310 1493 1491 1550 adhuc
1520 1507 1637 1552 erat
1666 1517 1680 1551 ε
1710 1507 1873 1573 atque
1900 1497 1958 1552 in

241 1593 407 1650 fidem
441 1594 738 1670 majestatis
770 1593 907 1650 adeo
927 1592 1274 1670 permulsisse
1302 1593 1470 1650 malas
1489 1638 1503 1666 ,
1534 1606 1597 1650 ut
1630 1614 1660 1651 e
1690 1596 1848 1673 nigro
1869 1617 1961 1652 ru-

240 1693 397 1749 tilum
413 1694 615 1770 aerique
643 1692 934 1749 assimilem
957 1692 1214 1771 capillum
1232 1693 1537 1750 redderent.
1557 1695 1722 1768 Quod
1747 1697 1960 1774 insigne

240 1794 439 1849 mansit
469 1805 524 1848 et
554 1794 609 1848 in
646 1794 878 1870 posteris
912 1794 1061 1869 eJUS,
1096 1814 1159 1849 ac
1190 1813 1387 1871 magna
1421 1814 1546 1872 pars
1586 1793 1751 1852 rutila
1790 1796 1961 1853 barba

243 1893 479 1949 fuerunt.
518 1894 713 1949 Functi
748 1905 931 1950 autem
966 1883 1340 1951 consulatibus
1368 1906 1610 1972 septem,
1644 1895 1961 1974 triumpho,

241 2014 581 2071 censuraque
609 1992 847 2072 duplici,
875 2006 928 2050 et
950 1995 1093 2051 inter
1120 1995 1380 2071 patricios
1413 1993 1620 2068 allecti,
1654 2017 1962 2075 persevera·

239 2106 371 2150 runt
409 2114 599 2150 omnes
639 2095 695 2150 in
742 2094 934 2150 eodem
987 2096 1333 2173 cognomine.
1380 2098 1460 2152 Ac
1511 2116 1581 2152 ne
1624 2097 1962 2174 praenomina

241 2194 463 2273 quidem
502 2194 661 2266 ulla,
687 2207 1053 2273 praeterquam
1093 2180 1233 2252 Cnei
1273 2208 1328 2252 et
1364 2196 1556 2266 Lucii,
1589 2209 1962 2275 usurparunt;

238 2317 407 2374 caque
435 2297 552 2374 ipsa
579 2294 809 2352 notabili
837 2297 1130 2368 varietate,
1155 2295 1319 2352 modo
1347 2297 1727 2355 continuantes
1758 2319 1960 2355 unum-

241 2396 498 2474 quodque
529 2417 628 2475 per
657 2396 831 2452 trinas
854 2417 1140 2473 personaS,
1167 2396 1335 2452 modo
1366 2395 1697 2454 alternantes
1722 2419 1822 2476 per
1851 2399 1956 2454 sin·

245 2495 418 2574 gulas.
454 2499 596 2555 Nam
632 2498 871 2575 primum
902 2497 1309 2574 secundumque
1340 2518 1404 2554 ac
1435 2499 1656 2556 tertium
1688 2499 1960 2557 AEnobar·

242 2597 444 2653 horum
482 2597 714 2669 Lucios3
749 2609 1039 2673 sequentes
1074 2617 1263 2654 rursus
1303 2609 1414 2654 tres
1449 2619 1517 2655 ex
1553 2598 1747 2655 ordine
1784 2602 1962 2657 Cneos

244 2699 585 2775 accepimus3
616 2695 855 2774 reliquos
889 2698 1108 2754 nonnisi
1139 2698 1377 2754 vicissim
1396 2740 1411 2771 ,
1443 2711 1560 2756 tum
1589 2700 1815 2772 Lucios,
1843 2711 1961 2756 tum

246 2800 442 2854 CneOS.
477 2795 669 2854 Plures
707 2816 738 2853 e
771 2794 975 2852 familia
1017 2798 1271 2874 cognosci
1318 2798 1520 2856 referre
1556 2799 1813 2872 arbitror,
1850 2820 1962 2877 quo

246 2895 463 2953 facilius
503 2908 795 2974 appareat,
825 2896 900 2952 ita
935 2894 1287 2973 degenerasse
1319 2917 1352 2953 a
1391 2916 1618 2956 suorum
1661 2899 1962 2956 virtutibus

245 2999 397 3055 Nero
412 3038 427 3068 ,
447 3008 508 3053 ut
531 3009 713 3053 tamen
734 2995 867 3052 vitia
889 2995 976 3072 cuj
986 3014 1182 3072 usque,
1208 2996 1361 3074 quasi
1390 2996 1589 3054 tradita
1611 3010 1667 3055 et
1695 2998 1962 3077 ingenita,

246 3095 511 3153 retulerit.

326 3199 396 3252 ΙΙ.
444 3199 521 3254 Ut
558 3197 726 3275 igitur
758 3197 922 3276 paulo
965 3198 1126 3256 altius
1164 3211 1440 3278 repetam,
1474 3211 1665 3256 atavus
1704 3200 1819 3277 ejus
1855 3202 1958 3256 Cn.

248 3299 520 3357 Domitius
542 3299 597 3354 in
622 3298 904 3356 tribunatu
925 3301 1278 3375 pontificibus
1300 3300 1577 3372 offensior,
1605 3298 1751 3377 quod
1768 3298 1959 3371 alium,
