2372 3918
316 239 377 284 28
994 236 1042 280 C.
1080 236 1322 282 SUETON
1328 237 1373 280 11

314 342 565 419 quamvis
617 339 992 419 flagitantibus
1045 341 1254 396 cunctis
1277 383 1291 412 ,
1352 339 1670 416 promittere
1717 335 2010 391 audentem
2029 378 2043 406 ,

314 442 548 517 ideoque
578 461 856 519 egressum
899 439 1142 510 theatr0,
1176 450 1553 510 revocaverat,
1598 438 1752 512 quasi
1793 457 2044 514 perseve-

316 542 491 598 rantis
537 540 733 620 populi
776 539 1046 618 legatione
1087 552 1371 617 suscepta,
1406 535 1856 613 exorandumque
1902 557 2042 613 prae-

311 642 524 701 buerat.

393 747 463 802 V.
509 746 703 802 Trium
743 747 931 824 itaque
969 748 1282 826 principum
1313 744 1682 822 indulgentia,
1720 761 1832 798 non
1864 738 2043 795 solum

311 844 651 918 honoribuS,
688 867 881 904 verum
926 859 982 903 et
1030 847 1350 904 sacerdotiis
1399 843 1750 922 amplissimis
1802 851 2039 909 auctus,

312 945 767 1022 proconsulatum
793 947 991 1005 Africae
1019 961 1144 1026 post
1174 948 1315 1018 haec,
1345 965 1646 1022 curamque
1671 963 1902 1020 operum
1934 961 2040 1017 pu-

311 1043 587 1103 blicorum
623 1047 1052 1122 administravit,
1086 1061 1141 1105 et
1184 1047 1466 1105 voluntate
1493 1044 1733 1123 dispari,
1775 1056 1830 1100 et
1860 1041 2043 1097 existi-

311 1148 571 1203 matione.
601 1149 667 1203 In
693 1149 978 1225 provincia
1008 1149 1342 1228 singularem
1377 1147 1748 1204 innocentiam
1785 1143 2043 1221 praestitit

311 1245 540 1303 biennio
565 1249 917 1321 continuam,
948 1271 1122 1325 quum
1144 1250 1453 1306 succedenti
1489 1247 1646 1303 fratri
1678 1245 1890 1323 legatus
1914 1243 2042 1300 sub-

313 1346 551 1403 stitisset.
603 1350 676 1405 At
724 1349 782 1424 in
823 1350 1036 1405 urbano
1079 1349 1260 1407 officio
1315 1349 1461 1406 dona
1514 1361 1679 1423 atque
1721 1356 2045 1401 ornamenta

312 1445 650 1524 templorum
680 1450 1038 1527 surripuisse,
1071 1462 1124 1506 et
1157 1462 1523 1517 commutasse
1554 1446 1805 1524 quaedam
1842 1444 2051 1500 fereba-

312 1559 425 1621 tur,
467 1570 681 1626 proque
714 1570 868 1606 auro
918 1562 973 1605 et
1010 1563 1240 1627 argento
1282 1562 1541 1607 stannum
1581 1559 1634 1604 et
1673 1545 2048 1604 aurichalcum

314 1650 682 1726 supposuisse.

393 1751 490 1806 VI.
518 1753 763 1807 Uxorem
785 1753 981 1810 habuit
1008 1756 1354 1827 Petroniam,
1384 1752 1691 1811 consularis
1720 1751 1824 1806 viri
1849 1749 2016 1805 filiam
2035 1793 2049 1817 ,

314 1862 370 1907 et
419 1872 487 1907 ex
541 1873 604 1909 ea
652 1852 828 1909 filium
881 1857 1275 1912 Petronianum
1303 1899 1318 1927 ,
1376 1867 1600 1932 captum
1648 1853 1822 1909 altero
1864 1851 2043 1908 oculo,

313 1954 506 2024 Hunc,
544 1953 803 2010 heredem
841 1976 874 2011 a
910 1969 1086 2012 matre
1126 1957 1228 2012 sub
1270 1955 1591 2013 conditione
1622 1955 1966 2022 ¹institutum,
2001 1955 2050 2008 si

313 2051 383 2108 de
418 2065 687 2130 potestate
735 2056 907 2132 patris
944 2058 1170 2129 exisset,
1203 2078 1372 2113 manu
1407 2057 1621 2128 emisit;
1652 2056 1916 2131 brevique
1940 2097 1956 2127 ,
1985 2067 2046 2109 ut

313 2154 587 2212 creditum
613 2168 721 2230 est,
747 2158 1053 2230 interemit,
1079 2157 1458 2214 insimulatum
1482 2158 1710 2234 insuper
1734 2155 2045 2233 parricidii,

313 2269 368 2313 et
396 2259 552 2334 quasi
576 2270 833 2336 paratum
860 2259 930 2315 ad
955 2258 1131 2315 scelus
1159 2281 1437 2327 venenum⁸
1457 2280 1524 2315 ex
1555 2259 1890 2315 conscientia
1916 2257 2049 2313 hau-

313 2358 487 2415 sisset.
516 2359 692 2415 Duxit
726 2380 856 2415 mox
883 2359 1167 2417 Galeriam
1195 2360 1520 2417 Fundanam
1553 2360 1813 2437 praetorio
1844 2372 1999 2435 patre
2027 2380 2038 2413 z

313 2477 378 2514 ac
423 2457 648 2520 dehac
699 2481 923 2538 quoque
972 2459 1174 2527 liberos
1221 2462 1510 2536 utriusque
1558 2481 1716 2515 sexus
1759 2457 1919 2529 tulit;
1955 2460 2046 2514 sed

314 2579 522 2618 marem
559 2562 854 2618 titubantia
886 2564 998 2619 oris
1042 2583 1217 2640 prope
1248 2575 1466 2619 mutum
1503 2574 1558 2616 et
1586 2560 1880 2639 elinguem.

393 2666 522 2721 VII.
548 2666 595 2722 A
614 2662 795 2720 Galba
819 2664 876 2718 in
902 2663 1219 2739 inferiorem
1243 2664 1598 2721 Germaniam
1626 2676 1818 2719 contra
1840 2663 2055 2740 opinio-

314 2785 441 2820 nem
467 2765 664 2820 missus
687 2776 784 2820 est.
810 2764 1081 2842 Adjutum
1103 2777 1303 2842 putant
1328 2767 1390 2820 T.
1420 2765 1569 2821 Vinii
1596 2764 1885 2841 suffragiO,
1917 2777 2050 2819 tunc

315 2866 718 2942 potentissimi,
743 2877 798 2923 et
825 2866 914 2922 cui
943 2866 1059 2942 jam
1093 2865 1308 2943 pridem
1338 2886 1436 2943 per
1469 2885 1822 2922 communem
1848 2864 2046 2921 factio-

315 2967 399 3022 nis
435 2979 641 3023 venetae
681 2966 925 3023 favorem
969 2965 1290 3023 conciliatus
1340 2979 1480 3023 esset
1505 2988 1517 3021 :
1546 2968 1650 3022 nisi
1690 2965 1840 3043 quod
1873 2964 2051 3022 Galba

316 3088 427 3144 prae
451 3088 506 3123 se
527 3066 686 3138 tulit,
715 3067 896 3123 nullos
923 3069 1105 3138 minus
1134 3067 1491 3139 metuendOS,
1518 3089 1685 3144 quam
1716 3070 1810 3145 qui
1842 3067 1908 3123 de
1933 3066 2049 3122 solo

315 3169 468 3224 victu
496 3170 832 3246 cogitarent,
862 3191 924 3226 ac
956 3190 1116 3247 posse
1146 3168 1577 3246 provincialibus
1611 3172 1783 3247 copiis
1814 3169 2047 3245 profun-

318 3269 445 3325 dam
476 3270 594 3346 cjus
624 3269 831 3348 expleri
859 3270 1078 3349 gulam3
1104 3283 1165 3326 ut
1192 3272 1364 3327 cuivis
1386 3271 1607 3327 evidens
1630 3273 1734 3344 sit,
1756 3282 2043 3327 contemtu
