2372 3918
446 248 537 293 308
1217 245 1407 292 NOTAE

508 345 616 389 Cn.
653 344 714 389 11.
755 343 1153 404 Metoposcopum.
1193 340 1268 385 Sic
1302 339 1567 385 vocabatur
1591 340 1675 400 qui
1702 356 1758 386 ex
1782 341 1898 387 facie
1921 343 2163 391 hominum

445 419 778 479 addivinabat‚
819 427 865 465 et
900 418 1124 480 privatim
1169 432 1228 464 ex
1281 416 1573 477 inspectione
1623 417 1793 463 frontis
1831 419 1947 479 quid
1993 421 2164 482 cuique

445 487 722 542 eventurum
746 512 843 542 esse
865 494 1166 558 praedicebat.
1203 494 1274 539 Cf.
1308 496 1473 551 Pum,
1507 495 1566 538 H.
1594 494 1677 551 N„
1709 509 1819 552 xxv,
1860 511 1931 540 10.

510 575 644 620 Mox.
679 577 856 635 Nempe
883 589 1031 634 quum
1065 572 1127 618 ad
1150 558 1402 632 imperium
1423 570 1726 631 pervenisset.

508 651 614 696 CAP.
641 651 726 695 ΠΙ.
755 651 923 695 Latine
942 665 1201 710 groeceque.
1229 648 1398 693 Suidas
1424 662 1436 690 τ
1470 652 1552 695 Καὶ
1581 659 1631 710 τῇ
1660 654 1730 710 μὲν
1756 656 1937 698 Λατίνων
1965 658 2164 715 ἐπιχωρίῳ

442 739 604 791 γλωττῇ
627 734 722 791 πρὸς
746 733 819 782 τὰς
840 739 918 776 τῶν
942 737 1079 775 κοινῶν
1106 733 1247 788 ἐχρῆτο
1276 727 1513 778 διοικήσεις·
1530 731 1748 787 ποιήματα
1772 728 1821 773 δὲ
1838 732 1907 775 καὶ
1930 729 2165 789 τραγῳδίας

443 802 597 852 Ελλάδι
631 817 738 867 φωνῇ
767 807 1003 853 ὃιεποιεῖτο.

510 881 620 925 CAP.
666 882 748 925 IV.
784 880 961 924 R'tulc‘s.
996 878 1055 923 H.
1085 892 1125 922 e.
1158 875 1542 938 inscriptionibus
1580 892 1684 936 quae
1716 876 2015 923 declarabant
2048 894 2165 939 quas

442 956 507 1002 ob
532 971 691 1001 causas
719 964 881 1000 statuae
904 954 1070 1015 positae
1092 963 1257 1000 essent.

512 1032 793 1078 cohortium.
826 1031 949 1076 Vide
979 1032 1143 1086 Galb.,
1172 1047 1270 1077 xw.

512 1110 620 1154 Cn.
648 1111 704 1153 V.
730 1110 918 1153 Missus.
945 1107 1117 1166 Tacit.,
1145 1109 1293 1163 Hist„
1324 1123 1388 1165 11,
1420 1123 1439 1152 1
1470 1125 1482 1152 :
1508 1128 1527 1149 «
1544 1108 1677 1154 Titus
1700 1109 2012 1170 Vespasianus
2036 1125 2061 1154 e
2078 1110 2167 1154 Ju-

444 1184 567 1244 daea,
596 1185 821 1231 incolumi
848 1186 1002 1230 adhuc
1026 1186 1202 1243 Galba,
1227 1184 1392 1232 missus
1417 1201 1444 1231 a
1465 1195 1625 1245 patre,
1653 1201 1838 1232 causam
1860 1187 2168 1247 profectionis

444 1262 654 1308 officium
690 1277 800 1324 erga
828 1260 1092 1325 principem
1121 1271 1167 1308 et
1199 1271 1430 1309 maturam
1452 1263 1670 1324 petendis
1691 1263 1957 1310 honoribus
1989 1264 2166 1323 juven-

442 1346 538 1383 tam
561 1339 757 1384 ferebat.
788 1360 807 1380 υ

508 1419 846 1462 Arcesseretur.
875 1417 1051 1473 Tacit.,
1097 1418 1206 1462 ibid.
1239 1434 1254 1461 .-
1295 1417 1426 1462 «Sed
1462 1417 1632 1478 vulgus
1652 1451 1665 1474 ,
1699 1414 1911 1479 fingendi
1949 1419 2167 1477 avidum,

444 1478 726 1555 disperserat
750 1493 949 1539 accitum
974 1494 1024 1537 iu
1054 1492 1376 1554 adoptionem.
1396 1515 1415 1535 »

513 1571 732 1616 Consulit.
757 1570 930 1629 Tacit.,
956 1571 1065 1615 ibid.
1084 1604 1098 1625 ‚
1128 1576 1156 1626 4
1181 1586 1192 1614 ε
1217 1590 1236 1611 «
1253 1572 1323 1615 Dc
1347 1569 1648 1631 navigatione
1669 1570 1877 1630 primum
1905 1571 2168 1616 consuluit:

444 1641 696 1709 postquam
731 1646 878 1708 pandi
921 1647 1045 1692 viam
1090 1655 1135 1691 et
1168 1661 1296 1692 mare
1326 1662 1609 1707 prosperum
1651 1647 1859 1706 accepit,
1903 1647 1962 1693 de
1999 1663 2047 1692 se
2084 1662 2172 1707 per

445 1724 663 1784 ambages
692 1723 980 1786 interrogat,
1007 1723 1129 1768 caesis
1156 1723 1479 1782 compluribus
1502 1722 1688 1780 hostiis,
1713 1732 1800 1771 ete.
1828 1744 1846 1765 »

514 1800 666 1858 Cujus.
692 1801 800 1847 scil.
825 1802 952 1863 spei,
975 1801 1191 1845 nondum
1221 1800 1344 1845 enim
1377 1799 1575 1860 imperii.

513 1879 745 1940 Cepitque.
765 1879 981 1939 Joseph.,
997 1879 1117 1923 Bell.
1143 1879 1278 1931 Iud„
1303 1893 1380 1922 vu
1395 1913 1407 1935 ,
1439 1878 1524 1923 18:
1550 1876 1666 1927 Ιὲοίλω
1691 1886 1762 1942 μὲν
1788 1889 1909 1934 οὕτως
1929 1877 2170 1942 Ῐεροσόλυμα

446 1964 526 2005 ἔτει
554 1959 728 2020 δευτέρῳ
748 1969 818 2011 τῆς
842 1964 1157 2005 Οὐεσπασιανοῦ
1179 1962 1415 2018 ἡγεμονίας,
1432 1963 1648 2018 Γορπιαίου
1675 1963 1793 2019 μηνὸς
1809 1959 1950 2019 ὀγδόῃ.

512 2034 618 2078 Cn.
646 2034 727 2076 VI.
755 2033 1008 2076 Potestate.
1034 2030 1157 2076 Vide
1182 2033 1351 2089 Pmm,
1385 2030 1515 2075 Praef.
1544 2034 1661 2075 Hisc.
1690 2033 1801 2075 Nat.
1827 2031 1888 2075 ad
1910 2030 2095 2088 Titum,
2126 2039 2172 2073 et

444 2110 718 2163 Humum„
746 2108 854 2152 ibid.

512 2187 573 2229 In
597 2194 776 2245 septem
791 2184 1118 2229 consulatibus.
1136 2184 1314 2243 Nempe
1328 2198 1435 2228 ann.
1456 2183 1549 2230 823
1576 2191 1623 2229 et
1646 2183 1739 2230 825
1756 2201 1769 2241 3
1784 2198 1898 2228 mox
1910 2182 2172 2244 quadrien-

444 2260 525 2305 nio
550 2260 778 2305 continuo
803 2261 862 2305 ab
888 2276 993 2305 ann.
1014 2259 1106 2304 826
1124 2275 1274 2320 usque
1295 2259 1357 2305 ad
1375 2260 1468 2304 830
1482 2276 1496 2316 3
1522 2259 1771 2320 septimum
1795 2276 1901 2304 ann.
1929 2260 2038 2305 832.

521 2337 790 2395 QuoestoriS.
817 2338 887 2382 De
910 2337 1002 2381 hoc
1032 2334 1192 2381 officio
1225 2336 1473 2395 quaestoris
1497 2336 1607 2381 vide
1631 2342 1780 2397 Aug„
1806 2351 1914 2381 va.

513 2414 915 2459 Admin'istratam.
943 2412 1000 2457 H.
1027 2429 1066 2457 e.
1095 2412 1408 2457 administrari
1435 2413 1634 2458 solitam.

513 2491 791 2537 Summissis.
817 2490 892 2535 Sic
915 2492 1076 2535 Aurel.
1100 2489 1223 2534 Vict.
1251 2491 1381 2550 Epic.
1417 2506 1463 2534 x.

516 2570 702 2613 Aulum.
719 2594 785 2602 -
808 2569 1029 2612 Alienum
1042 2575 1216 2613 vocant
1228 2566 1375 2612 Tacit.
1391 2599 1406 2624 ‚
1423 2567 1543 2612 Hist.
1559 2580 1573 2620 ',
1603 2582 1621 2611 1
1635 2599 1649 2623 ,
1667 2563 1748 2624 52,
1765 2573 1812 2611 et
1836 2565 2006 2626 Xiph„
2030 2581 2143 2609 ωσι
2157 2599 2171 2622 ,

446 2661 494 2705 p.
521 2643 628 2703 752.

512 2722 671 2766 Iussit.
704 2719 856 2765 Aurel.
881 2720 1062 2779 Victor,
1085 2723 1116 2767 l.
1155 2737 1194 2766 c.
1227 2738 1237 2765 :
1275 2739 1295 2761 «
1315 2720 1545 2765 Caecinam
1579 2722 1873 2767 consularem
1907 2718 2171 2764 adhibitum

449 2813 611 2855 coenae,
633 2796 830 2842 vixdum
863 2796 1068 2843 triclinio
1104 2812 1365 2858 egressum,
1396 2797 1460 2842 ob
1492 2798 1806 2858 suspicionem
1833 2804 2055 2857 stupratae
2079 2798 2173 2841 Be-

448 2875 627 2920 renices
649 2873 813 2919 uxoris
836 2890 952 2932 suae,
972 2873 1183 2936 jugulari
1202 2873 1388 2934 jussit.»

518 2953 624 2996 Cu.
647 2952 757 2996 VII.
786 2954 1017 2996 Amorem.
1050 2951 1224 3008 Tacit.,
1258 2952 1406 3004 I-Ic'st.,
1434 2967 1500 3009 11,
1524 2941 1554 2997 ἀ
1592 2970 1603 2996 :
1635 2972 1653 2992 «
1684 2952 1853 3012 Neque
1886 2950 2174 2996 abhorrebat

449 3044 474 3072 a
508 3027 731 3074 Berenice
760 3027 982 3087 juvenilis
1012 3028 1219 3086 animus;
1253 3027 1336 3073 sed
1371 3029 1588 3089 gerendis
1618 3029 1759 3074 rebus
1791 3029 1974 3074 nullum
2013 3042 2071 3071 ex
2113 3041 2170 3070 eo

447 3104 852 3165 impedimentum.
872 3126 891 3145 »
1772 3136 1776 3140 .

490 3235 492 3237 ¹
516 3182 773 3227 Pollicitus.
809 3181 990 3242 Xiphil.
1008 3217 1021 3240 ,
1057 3198 1194 3238 LXVI,
1222 3198 1269 3241 p.
1305 3181 1397 3236 748
1429 3198 1440 3227 :
1466 3185 1752 3245 Προσεὸοκᾶτο
1784 3184 1833 3229 δὲ
1862 3187 2171 3244 γαμηθήσεσθαι

451 3266 581 3322 αὐτῷ’
608 3264 678 3307 καὶ
707 3266 849 3307 πάντα
863 3261 944 3312 ἤδη
971 3267 1019 3314 ὡς
1050 3265 1118 3308 καὶ
1141 3267 1239 3322 γυνὴ
1266 3268 1388 3307 αὐτοῦ
1414 3261 1515 3308 οὖσα
1539 3265 1684 3307 ἐποίει-
