2372 3918
374 280 431 325 28
1025 278 1072 321 C.
1109 277 1392 322 SUETONII

372 382 627 436 Muciam.
662 382 804 437 Nam
836 391 978 434 certe
1007 381 1264 455 Pompeio
1283 423 1297 448 ,
1332 392 1383 434 et
1413 400 1443 433 a
1473 379 1798 435 Curionibus
1825 388 1977 456 patre
2005 394 2056 438 et

371 478 516 551 filio,
551 491 601 534 et
638 479 668 535 a'
700 478 883 535 multis
922 478 1305 554 exprobratum
1338 491 1449 549 est,
1481 478 1625 554 quod
1659 481 1855 555 «cujus
1895 500 2053 536 causa

372 590 493 652 post
539 578 646 634 tres
693 576 889 632 liberos
935 576 1194 652 exegisset
1243 596 1495 648 uxorem,
1544 590 1598 632 et
1641 599 1800 654 quem
1841 561 2054 654 gemens

372 676 674 753 AEgisthum
708 673 976 751 appellare
1015 686 1352 746 consuesset,
1391 676 1506 751 ejus
1538 689 1721 751 postea
1761 675 1927 732 filiam
1967 698 2058 753 po-

372 777 549 831 tentiae
577 774 886 851 cupiditate.
905 774 962 827 in
991 773 1395 828 matrimonium
1427 775 1769 851 recepisset.»
1798 775 1901 831 Sed
1932 788 2058 831 ante

370 872 497 928 alias
526 872 711 927 dilexit
732 874 810 926 M.
838 872 992 926 Bruti
1022 867 1250 926 matrem
1272 870 1550 926 Serviliam
1577 893 1590 926 :
1615 874 1701 927 cui
1727 885 1780 928 et
1810 875 2058 949 proximo

370 993 467 1027 suo
505 970 787 1026 consulatu
835 970 1071 1046 sexagies
1115 970 1355 1024 sestertio
1403 971 1750 1046 margaritam
1794 985 2058 1027 mercatus

370 1084 482 1141 est,
516 1083 570 1126 et
602 1069 744 1126 bello
781 1069 925 1126 civili
969 1090 1143 1147 super.
1168 1068 1298 1124 alias
1341 1068 1656 1125 donationes
1678 1113 1693 1139 ,
1732 1069 2059 1144 amplissima

371 1170 570 1245 praedia
593 1191 656 1225 ex
681 1169 1022 1225 auctionibus
1046 1169 1212 1224 hastae
1237 1189 1461 1224 nummo
1484 1167 1689 1223 addixit
1716 1189 1728 1223 :
1751 1189 1920 1243 quum
1945 1170 2059 1244 qui-

372 1268 519 1341 dem,
546 1267 813 1345 plerisque
839 1270 1102 1324 vilitatem
1131 1267 1478 1339 mirantibuS,
1505 1267 1820 1322 facetissime
1844 1268 2059 1340 Cicero,

371 1368 538 1438 «Quo
581 1366 805 1438 meliuS,
840 1369 1047 1443 inquit,
1093 1379 1334 1442 emptum
1370 1366 1579 1437 sciatiS‚
1609 1367 1791 1420 Tertia
1832 1365 2059 1420 deducta

371 1477 450 1520 est
484 1486 546 1519 t»
579 1466 987 1522 existimabatur
1024 1467 1167 1520 enim
1205 1463 1460 1535 Servilia,
1499 1465 1660 1520 etiam
1702 1463 1867 1519 filiam
1909 1485 2056 1519 suam

371 1565 606 1620 Tertiam
634 1567 831 1621 Caesari
859 1564 1161 1622 conciliare.

448 1667 538 1719 LI.
590 1668 675 1722 Ne
731 1663 1149 1741 provincialibus
1208 1662 1425 1739 quidem
1483 1663 1843 1718 matrimoniis
1901 1664 2060 1718 absti-

373 1764 581 1834 nuisse,
612 1763 695 1818 vel
729 1765 832 1819 hoc
870 1763 1098 1819 disticho
1133 1776 1392 1840 apparet,
1413 1764 1628 1838 'jactato
1667 1783 1815 1838 aeque
1855 1784 1885 1818 a
1922 1762 2061 1819 mili-

370 1863 512 1918 tibus
546 1883 641 1938 per
675 1861 945 1919 Gallicum
978 1863 1317 1938 triumphum
1352 1883 1364 1916 ε

494 2031 702 2084 Urbani,
723 2043 899 2079 servate
925 2049 1114 2090 uxores,
1135 2035 1363 2079 moechum
1386 2036 1564 2079 calvum
1590 2035 1869 2079 adducimus.

500 2111 670 2153 Aurum
691 2110 741 2153 in
766 2110 915 2154 Gallia
936 2109 1181 2154 effutuisti:
1205 2110 1281 2155 hic
1302 2111 1533 2171 sumpsisti
1554 2119 1772 2155 mututun.

446 2264 561 2317 LII.
608 2262 811 2318 Dilexit
846 2275 900 2318 et
934 2265 1174 2339 reginaS,
1209 2265 1348 2318 inter
1382 2283 1514 2338 quas
1550 2266 1793 2339 Eunoen>
1815 2264 2063 2317 Mauram

369 2360 604 2437 Bogudis
644 2382 869 2418 uxorem
911 2384 924 2417 ε
966 2365 1054 2418 cui
1096 2364 1397 2438 maritoque
1437 2364 1550 2439 ejus
1594 2363 1827 2439 plurima
1867 2374 1922 2417 et
1963 2363 2062 2415 im-

369 2480 551 2515 mensa
592 2461 811 2532 tribuit,
859 2474 920 2517 ut
960 2464 1109 2518 Naso
1152 2463 1402 2537 scripsit:
1436 2461 1527 2517 sed
1564 2462 1793 2516 maxime
1831 2460 2060 2535 Cleopa-

368 2571 539 2631 tram,
572 2582 696 2616 cum
728 2581 836 2635 qua
865 2574 917 2615 et
945 2562 1194 2616 convivia
1222 2563 1277 2615 in
1307 2562 1536 2637 primam
1567 2561 1740 2616 lucem
1769 2582 1906 2638 saepe
1933 2582 2061 2636 pro·

369 2660 559 2729 traxit,
594 2672 647 2714 et
685 2659 871 2715 eadem
908 2681 1044 2715 nave
1079 2660 1381 2736 thalamego
1418 2681 1567 2737 paene
1605 2661 1875 2736 AEthiopia
1910 2673 2063 2715 tenus

328 2806 331 2807 γ
367 2759 660 2833 AEgyptum
703 2761 1031 2834 penetravit,
1070 2760 1172 2814 nisi
1215 2761 1476 2815 exercitus
1518 2761 1668 2835 sequi
1710 2771 2004 2815 recusasset
2048 2780 2059 2812 :

368 2876 531 2932 quam
559 2856 790 2933 denique
819 2859 1040 2913 accitam
1071 2859 1124 2912 in
1159 2859 1347 2913 urbem
1366 2901 1380 2930 ,
1416 2880 1527 2914 non
1558 2859 1660 2913 nisi
1691 2859 1935 2913 maximis
1963 2858 2059 2912 ho-

368 2956 590 3011 noribus
638 2957 976 3033 praemiisque
1021 2969 1233 3013 auctam
1274 2959 1510 3028 remisit,
1554 2956 1832 3032 filiumque
1876 2969 2060 3011 natum

368 3053 641 3131 appellare
676 3057 894 3111 nomine
933 3077 1030 3111 suo
1072 3077 1258 3132 passus
1299 3068 1420 3111 est:
1459 3076 1618 3131 quem
1661 3055 1878 3131 quidem
1919 3076 2057 3109 non-

370 3151 502 3206 nulli
545 3156 862 3209 Graecorum
909 3154 1134 3210 similem
1168 3149 1390 3229 >quoque
1435 3157 1658 3211 Caesaris
1697 3167 1750 3210 et
1793 3153 1963 3208 forma
2006 3166 2057 3207 et

369 3251 575 3305 incessu
608 3253 974 3308 tradiderunt.·
999 3256 1075 3308 M.
1110 3255 1377 3309 Antonius
1408 3256 1653 3330 agnitum
1681 3254 1836 3308 etiam
1871 3253 1935 3307 ab
1965 3274 2058 3321 ec,

2366 2091 2370 2101 ›

2366 2115 2369 2124 v

2364 2130 2369 2146 l

2364 2237 2372 2267 i

2352 2270 2367 2306 ¹l

2351 2391 2372 2414 Γ.
