2372 3918
625 259 709 306 DE
744 251 1151 303 tnLthmmus
1186 252 1643 299 GRAMMATmls.
1943 251 1997 307 ες

278 364 547 443 siquidem
590 364 810 441 ignotus
851 357 1068 430 adhuc,
1105 376 1278 435 quum
1310 355 1522 434 judicio
1552 356 1823 432 frequenti
1857 358 2005 414 testi·

277 465 524 522 monium
560 463 797 534 diceret,
835 460 1204 536 interrogatus
1238 477 1267 513 a
1303 458 1585 524 Varrone,
1618 455 1843 513 diversae
1875 477 2003 535 par-

275 567 344 622 tis
386 563 680 632 aduocato,
715 585 744 615 α
773 557 1036 638 quidnam
1074 569 1292 636 ageret,
1331 568 1387 614 et
1414 576 1527 634 quo
1559 556 1793 612 artificio
1829 570 2006 615 utere·

275 665 397 722 tux-P
413 691 440 719 υ
457 662 926 721 -αῦίὶὼετοεοε
949 679 1006 716 se
1033 658 1102 715 de
1126 657 1240 715 sole
1266 658 1323 715 in
1353 658 1605 715 umbram
1637 658 1957 727 transferre,
1980 685 2007 711 ι»

275 763 591 844 respondit;
640 761 791 840 quod
835 763 1076 818 Murena
1115 759 1309 838 gibber
1352 770 1488 815 erat.
1527 758 1682 815 Vixit
1718 778 1890 835 prope
1937 758 2005 814 ad

273 866 632 923 centesimum
664 862 839 920 aetatis
877 880 1123 932 annum,
1153 860 1353 917 amissa
1394 860 1505 938 jam
1541 857 1756 937 pridem
1794 879 2005 916 memo·

273 968 354 1024 ria
375 1009 392 1040 ,
424 978 487 1023 ut
517 983 707 1022 versus
737 959 989 1019 Bibaculi
1019 960 1208 1033 docet,

465 1117 677 1165 Orbilius
707 1115 905 1163 ubinam
928 1123 1025 1173 est,
1047 1114 1311 1162 litterarum
1336 1112 1552 1160 oblivio?

274 1265 467 1320 Statua
502 1262 621 1340 ejus
652 1260 955 1318 Beneventi
987 1258 1302 1317 ostenditur
1334 1259 1392 1315 in
1430 1257 1738 1337 Capitolio,
1773 1257 1845 1314 ad
1875 1257 2010 1315 sini-

273 1378 450 1420 strum
483 1361 628 1419 latus
645 1405 661 1434 ,
689 1382 1032 1433 marmorea,
1060 1361 1254 1417 habitu
1282 1359 1523 1417 sedentis
1550 1380 1617 1416 ac
1646 1357 1883 1437 palliati,
1908 1379 2008 1437 ap-

273 1464 463 1542 positis
496 1461 714 1519 duobus
737 1461 970 1519 scriniis.
1006 1460 1256 1539 Reliquit
1288 1460 1462 1519 filium
1496 1460 1776 1545 Orbilium
1795 1504 1812 1534 ,
1844 1472 1898 1517 et
1929 1461 2011 1539 ip-

274 1574 397 1622 sum
425 1563 846 1642 grammaticum
878 1561 1261 1639 professorem.

352 1667 426 1721 X.
451 1664 667 1721 Atteius
696 1661 1019 1740 Philologus
1045 1662 1359 1735 libertinus„
1388 1662 1616 1720 Athenis
1641 1674 1820 1719 natus.
1847 1665 2012 1719 Hunc

273 1764 476 1841 Capito
505 1763 746 1834 Atteius‚
775 1775 941 1818 notus
961 1762 1417 1840 jurisconsultus,
1449 1764 1593 1821 inter
1619 1763 2012 1841 grammaticos

272 1863 586 1926 rhetorem,
633 1863 780 1919 inter
822 1863 1070 1919 rhetores
1115 1864 1537 1940 grammaticum
1583 1862 1753 1920 fiiisse
1788 1864 1882 1919 ait.
1925 1866 2012 1919 De

270 1963 463 2022 eodem
498 1964 721 2022 Asinius
749 1961 927 2020 Pollio
962 1964 1017 2018 in
1050 1961 1224 2035 libro,
1264 1984 1376 2040 quo
1406 1962 1652 2020 Sallustii
1685 1964 1888 2040 scripta
1921 1983 2010 2019 re-

270 2064 597 2142 prehendit,
650 2076 711 2122 ut
747 2064 916 2120 nimia
962 2064 1268 2141 priscorum
1321 2063 1618 2121 verborum
1662 2063 2014 2120 assectatione

272 2164 468 2236 oblita,
518 2166 595 2221 ita
643 2163 859 2220 tradit:
893 2166 1011 2219 «In
1057 2185 1178 2220 eam
1227 2185 1342 2220 rem
1392 2163 1734 2239 adjutorium
1783 2165 1833 2221 ei
1885 2164 2013 2221 fecit

271 2266 506 2322 maxime
547 2263 777 2342 quidam
818 2265 1032 2322 Atteius
1066 2266 1426 2321 Praetextatus
1446 2308 1463 2338 ,
1499 2264 1700 2322 nobilis
1731 2285 2009 2344 gramma-

274 2367 415 2423 ticus
461 2363 693 2437 latinus,
726 2362 1153 2421 declamantium
1182 2363 1382 2421 deinde
1417 2365 1640 2443 adjutor
1671 2378 1838 2443 atque
1868 2388 2008 2444 prae-

273 2479 491 2544 ceptor,
533 2465 603 2522 ad
638 2487 909 2524 summam
944 2464 1267 2544 Philologus
1302 2466 1371 2522 ab
1406 2478 1578 2523 semet
1619 2468 1955 2524 nominatus,
1983 2493 2010 2520 n

274 2570 398 2644 Ipse
430 2566 502 2622 ad
542 2565 770 2624 Laelium
800 2570 1061 2622 Hermam
1094 2567 1339 2644 scripsit,
1368 2591 1394 2620 (ι
1420 2588 1476 2623 se
1507 2567 1562 2623 in
1596 2568 1787 2646 graecis
1816 2566 2011 2624 litteris

274 2687 538 2745 magnum
573 2687 890 2744 processum
935 2667 1164 2738 habere,
1208 2680 1264 2724 et
1307 2668 1363 2724 in
1411 2667 1595 2725 latinis
1630 2668 1961 2725 nonnullum
1997 2691 2008 2724 ε

273 2766 489 2823 audisse
531 2768 832 2824 Antonium
881 2767 1264 2845 Gniphonem,
1301 2769 1528 2847 ejusque
1573 2773 1836 2826 Hermam
1869 2791 1880 2825 z
1917 2790 2014 2847 po·

274 2882 388 2924 stea
424 2866 694 2924 docuisse.
741 2868 1070 2946 Praecepisse
1119 2880 1301 2924 autem
1339 2868 1526 2926 multis
1570 2882 1624 2927 et
1652 2869 1814 2927 claris
1857 2871 2013 2948 juve·

274 2968 435 3024 nibus
473 2989 485 3024 ε
527 2969 583 3024 in
623 2968 825 3046 quibus
867 2969 1048 3046 Appio
1092 2989 1316 3046 quoque
1364 2981 1419 3026 et
1456 2969 1699 3027 Pulchro
1730 2969 2011 3040 Claudiis,

272 3068 568 3138 fratribus,
617 3090 857 3146 quorum
895 3069 1059 3126 etiam
1103 3091 1284 3126 comes
1338 3070 1392 3126 in
1445 3071 1730 3148 provincia
1774 3070 2010 3126 fuerit.»

276 3169 566 3247 I’lzilologz'
594 3167 1022 3247 appellationem
1059 3171 1377 3226 assumsisse
1408 3171 1644 3242 videtur,
1679 3172 1836 3249 quia,
1866 3172 2010 3228 sicut

274 3269 695 3340 Eratosthenes,
727 3271 818 3347 qui
849 3270 1058 3348 primus
1087 3272 1192 3328 hoc
1219 3292 1522 3349 cognomen
1549 3272 1650 3328 sibi
1679 3272 2008 3339 vindicavit,
