2372 3918
794 259 859 304 IN
896 258 946 303 C.
984 257 1026 301 J.
1062 255 1386 300 CAESAREM.
1869 256 1956 311 137

299 360 468 405 Loevoe.
497 358 797 403 Annulorum
818 352 944 400 enim
963 350 1096 398 sedes
1118 351 1232 395 laeva
1260 363 1426 394 manus
1448 357 1571 406 erat,
1587 357 1640 395 ut
1662 349 1803 395 docet
1824 350 1961 407 plin„

233 437 288 480 H.
308 435 394 494 Ν.,
421 450 606 493 xxxxix,
635 450 672 479 1.

299 525 588 568 Annulum...
609 522 930 566 detracturum.
961 517 1020 562 Η.
1048 531 1087 561 e.
1123 515 1313 576 quidvis
1336 531 1384 561 se
1415 514 1648 559 facturum
1673 529 1766 573 pro
1788 514 1933 559 milite
1948 549 1961 569 ‚

234 614 386 660 quum
413 598 598 645 detrahi
620 596 709 643 sibi
737 595 963 641 annulum
983 608 1032 638 se
1055 593 1194 638 malle
1218 591 1361 650 dixit,
1396 606 1540 651 quam
1566 589 1625 634 de
1654 605 1702 635 se
1732 591 1960 635 merenti-

228 677 321 723 bus
342 692 440 722 non
471 675 749 722 satisfacere.
765 675 955 730 Quanta
977 668 1099 715 enim
1125 668 1267 715 fuerit
1289 667 1453 714 annuli
1466 666 1689 729 dignitas,
1715 668 1798 726 qui
1820 667 1961 728 equi-

228 762 323 799 tem
339 769 366 799 a
395 752 535 814 plebe
563 749 803 807 distinxit,
824 747 988 793 videre
1020 756 1089 792 est
1111 745 1242 807 apud
1263 746 1408 803 Ptin„
1434 746 1491 789 Η.
1512 743 1599 801 Ν.,
1629 758 1814 798 xxxin,
1840 759 1883 787 2.

299 839 662 901 Quadringenis.
696 836 877 882 vitiose
903 851 995 896 pro
1018 835 1367 897 quadringentis
1401 846 1543 893 supra
1574 831 1859 877 monuimus.

296 931 406 977 Clu».
430 929 666 977 XXXIV.
684 927 781 972 Per
807 930 1060 971 tumultum.
1094 926 1151 970 H.
1184 940 1223 969 e.
1250 932 1423 984 praeter
1451 920 1668 967 ordinem
1690 930 1736 966 et
1768 922 1918 983 legem
1951 937 1961 964 :

228 1007 343 1053 huic
372 1006 524 1053 Gallia
552 1003 766 1051 Ulterior
792 1002 981 1063 privato
1016 1002 1206 1048 decreta
1231 1001 1383 1046 suerat
1417 999 1476 1044 ab
1514 998 1570 1044 iis
1604 998 1690 1060 qui
1719 998 1769 1043 in
1799 1007 1963 1044 senatu

227 1083 395 1130 Caesari
420 1080 804 1129 adversabantur.

294 1170 536 1231 Superum.
572 1169 631 1215 H.
669 1183 709 1213 e.
741 1166 1039 1212 Adriaticum
1068 1182 1079 1211 :
1117 1164 1391 1227 oppositum
1432 1173 1500 1210 est
1530 1164 1657 1210 enim
1688 1161 1847 1221 Insere
1879 1180 1964 1209 seu

224 1246 484 1308 Tyrrheno.

291 1336 499 1380 Frustra.
528 1335 683 1393 Flor.,
710 1351 783 1393 ιν,
807 1349 834 1379 2
875 1349 886 1378 ε
919 1354 944 1375 α
967 1335 1052 1379 Ille
1084 1332 1169 1395 (sc.
1204 1330 1484 1396 Pompeius)
1505 1347 1594 1393 per
1620 1329 1796 1376 obsessi
1829 1331 1963 1376 clau-

226 1420 323 1457 stra
345 1420 516 1472 portus
540 1421 778 1458 nocturna
809 1412 921 1474 fuga
951 1413 1108 1457 evasit.
1134 1431 1159 1453 n

294 1499 528 1544 Convertit.
559 1500 796 1545 Plutarch.
828 1500 878 1544 in
911 1499 1030 1544 Coes.
1065 1515 1080 1543 .·
1111 1520 1130 1541 «
1151 1507 1327 1565 Γεγονὼς
1351 1508 1388 1549 εν
1411 1508 1579 1564 ἡμέραις
1612 1504 1805 1555 {erinon-a.
1830 1505 1966 1553 πάσης
1998 1547 2001 1551 ,

227 1582 433 1641 ἀναιμωτὶ
455 1588 527 1633 τῆς
545 1578 710 1634 Ῐταλίᾳς
739 1585 877 1641 κύριος.

297 1664 527 1709 Patribus.
555 1665 703 1723 Vell.,
738 1680 801 1723 11,
837 1662 899 1709 50
934 1680 945 1708 ε
979 1684 997 1704 «
1032 1666 1194 1723 Quum
1216 1672 1530 1727 transgressos
1557 1663 1808 1725 reperisset
1839 1678 1960 1708 con-

228 1742 351 1787 sules
367 1777 381 1800 ,
407 1740 458 1786 in
479 1742 659 1788 Urbem
682 1741 907 1800 revertit3
929 1741 1212 1803 redditaque
1235 1742 1420 1788 ratione
1443 1741 1748 1787 consiliorum
1772 1755 1968 1786 suorum

227 1818 277 1863 in
300 1826 467 1864 senatu
485 1827 531 1864 et
560 1817 610 1863 in
637 1818 891 1877 concione,
906 1834 961 1864 ac
975 1818 1245 1864 miserrimae
1270 1818 1651 1876 necessitudinis,
1679 1833 1830 1879 quum
1851 1818 1968 1863 alie-

227 1895 300 1942 nis
333 1895 475 1942 armis
506 1896 568 1943 ad
590 1912 720 1942 arma
743 1897 1013 1957 compulsus
1041 1906 1181 1955 esset,
1213 1896 1463 1958 Hispanias
1483 1904 1647 1958 petere
1678 1895 1902 1941 decrevit.

294 1985 364 2031 M.
402 1986 616 2042 Petreio,
651 1995 700 2032 et
728 1987 784 2031 L.
814 1985 1032 2044 Afranio.
1058 1986 1183 2032 Vide
1211 1987 1323 2032 CAEs.
1342 2023 1356 2045 ‚
1382 1987 1505 2031 Bell.
1535 1985 1658 2040 Cio„
1687 2001 1732 2042 1,
1772 1982 1833 2031 35
1861 2000 1967 2045 sqq.

300 2075 569 2121 Obsidc'one.
605 2077 760 2132 Quam
791 2073 1091 2120 obsidionem
1116 2083 1278 2119 narrat
1301 2075 1474 2131 Caesar,
1508 2074 1634 2120 Iblcl.
1647 2106 1663 2128 ,
1699 2090 1766 2132 11,
1800 2088 1840 2119 1.

297 2164 411 2209 Cu.
438 2164 650 2208 XXXV.
677 2164 1028 2208 Macedoniam.
1054 2164 1127 2208 Ex
1149 2164 1332 2209 Ernest.
1359 2161 1643 2208 Macedonia
1659 2197 1673 2220 ,
1717 2177 1855 2206 sensu
1885 2177 1971 2206 ro-

227 2254 398 2298 mano,
432 2239 764 2299 complectitur
798 2239 1037 2300 quidquid
1070 2240 1158 2286 sub
1186 2239 1389 2300 imperio
1418 2237 1719 2300 proconsulis
1745 2237 1972 2284 macedo-

227 2317 325 2362 nici
359 2325 487 2374 erat,
517 2315 736 2377 adeoque
770 2315 910 2362 etiam
939 2316 1163 2377 Epirum,
1195 2317 1281 2362 ubi
1315 2316 1643 2378 Dyrrachium.

309 2405 555 2466 Operibus.
591 2403 826 2465 Appiam,
860 2406 919 2450 B.
953 2405 1001 2450 C.
1020 2437 1037 2459 ,
1074 2420 1140 2463 11,
1174 2420 1223 2464 p.
1259 2404 1351 2459 466
1383 2401 1454 2453 τὸ
1476 2413 1641 2468 Καῖσαρ
1698 2413 1970 2470 ἐπετόλμησεν

232 2492 339 2548 ἔργῳ
362 2486 557 2547 ὃυσχερεῖ
582 2506 628 2531 τε
645 2489 715 2532 καὶ
743 2490 964 2547 παραλόγῳ
987 2490 1129 2532 πάντα
1152 2487 1366 2547 Πομπηΐου
1389 2488 1444 2531 τὰ
1476 2484 1744 2546 στρατόπεδα.
1770 2488 1824 2534 M
1846 2490 1973 2546 τείχει

232 2564 462 2625 περιῧαλὼν
489 2568 533 2609 ἐκ.
559 2566 766 2617 θαλάσσης
790 2568 825 2615 ἐς
858 2566 1070 2609 θάλασσαν
1096 2566 1371 2622 ἀποτειχίσαι.
1403 2557 1528 2604 Vide
1556 2559 1704 2604 FLOR.
1720 2594 1733 2617 ‚
1761 2575 1836 2616 lv,
1863 2575 1906 2604 2.

297 2648 594 2694 Pharsalico.
613 2649 685 2693 De
706 2647 881 2708 proelio
907 2647 1202 2704 Pharsalico,
1231 2647 1289 2692 cf.
1318 2648 1454 2704 Οἱς»,
1471 2648 1592 2691 Bell.
1621 2646 1740 2702 Cio„
1774 2664 1860 2705 ιιι,
1879 2648 1971 2710 89-

170 2720 174 2723 ’
238 2740 354 2783 1oo;
389 2724 567 2783 FLon„
599 2740 680 2783 lv,
708 2740 768 2783 23
799 2727 976 2783 vam,
1014 2741 1082 2782 11,
1118 2722 1204 2783 523
1236 2726 1547 2782 Pmrmncu„
1577 2725 1662 2769 ubi
1694 2741 1797 2786 sup.
1817 2762 1829 2783 ,
1875 2731 1971 2771 Ap-

233 2816 362 2847 rm«.
381 2837 394 2860 ,
421 2800 506 2847 ubi
538 2817 670 2862 sup.,
694 2800 788 2860 663
815 2803 963 2847 Dmu.
980 2837 993 2860 ,
1022 2817 1119 2847 xm.

305 2890 532 2935 Occisum.
563 2891 814 2935 Mortuum
845 2905 942 2935 esse
974 2889 1254 2950 Pompeium
1286 2889 1585 2935 Alexandriae
1621 2891 1795 2936 certior
1825 2892 1974 2939 factus

235 2975 305 3012 est
335 2967 514 3023 Caesar,
546 2968 667 3011 Bell.
706 2967 798 3012 civ.
815 2999 828 3020 ‚
863 2981 923 3011 111
941 3001 955 3024 ,
984 2966 1089 3012 106.

303 3044 578 3089 Ptolemaeo.
611 3044 887 3088 Ptolemaeus
913 3058 1009 3099 xn,
1032 3044 1210 3089 Auletae
1237 3058 1489 3090 successor.

304 3132 471 3178 Gessit.
503 3133 575 3178 De
602 3132 696 3178 hoc
721 3132 849 3178 bello
876 3132 985 3179 vide
1017 3134 1127 3178 Cas.
1143 3168 1157 3192 ,
1181 3134 1300 3178 Bell.
1326 3132 1415 3178 Cio.
1431 3166 1445 3189 ,
1476 3149 1560 3192 ιιι,
1599 3150 1684 3192 ¹07
1704 3152 1716 3192 ;
1733 3143 1778 3181 et
1795 3135 1940 3180 Ηιιιτ.
1959 3170 1971 3193 ,

234 3210 295 3255 de
326 3210 446 3256 Bell.
480 3210 742 3255 Alexandr.

309 3287 469 3333 Hieme
492 3287 620 3332 armi.
650 3287 795 3345 Quod
827 3287 976 3333 Graeci
1000 3288 1212 3335 dicerent
1243 3302 1435 3355 χιιμῶνος
1464 3297 1560 3355 ὥρα..
