2372 3918
932 210 1000 254 nv
1036 210 1361 255 NERONEM.
1903 213 1995 274 269

291 306 340 352 in
361 316 568 353 montem
589 342 601 365 ‚
625 322 771 367 quum
786 306 909 351 vires
932 321 1040 350 eum
1064 304 1333 350 lassitudine
1357 305 1633 351 defecissent
1647 340 1659 362 ,
1684 307 1743 351 ab
1766 306 2005 367 equitibus

291 393 359 430 est
384 384 669 430 interfectus.
697 404 715 424 υ
738 382 808 428 Cf.
839 383 1041 438 Luem,
1066 396 1138 427 vu
1154 415 1167 437 ,
1206 380 1299 442 599
1320 396 1423 441 sqq.

355 461 465 508 Cn.
490 462 575 505 111.
610 459 762 505 Necte:
791 458 1024 519 Appiam,
1050 459 1105 503 B.
1136 456 1210 511 C.,
1242 473 1289 515 v,
1310 473 1358 516 p.
1385 458 1477 514 703
1505 474 1516 502 ε
1549 450 1604 508 ᾖν
1639 467 1715 524 γὰρ
1748 460 2004 525 Ᾰηνόεαρεςς
2086 511 2090 514 ,

285 549 363 585 τῶν
389 546 729 601 κατεγνωσμένων
762 559 807 585 τι
832 544 877 585 ἐκ
901 538 1017 591 δίκης
1041 540 1105 583 ἐπὶ
1130 538 1240 597 Γαΐῳ
1272 542 1454 599 Καίσαρι
1479 543 1615 599 φόνου,
1637 543 1707 585 καὶ
1737 559 2000 600 πρσγιγραμ-

287 621 411 676 μένων
445 617 509 663 ἐπὶ
534 625 587 676 τῇ
610 615 833 675 maradian-35.

276 688 283 696 ’
348 690 473 750 Lege
497 689 660 734 Pedia.
685 689 805 733 Vell.
820 722 833 745 ,
857 702 895 732 ιι
911 720 924 744 ,
942 686 1005 748 69
1034 702 1047 731 ε
1075 706 1094 726 α
1115 688 1241 748 Lege
1259 688 1422 745 Pedia,
1455 704 1594 748 quam
1613 690 1777 734 consul
1804 688 2004 745 Pedius,

284 766 462 827 collega
485 764 700 821 Caesaris,
732 765 930 821 tulerat,
957 762 1203 819 omnibuS,
1236 763 1320 823 qui
1351 765 1576 808 Caesarem
1598 773 1781 825 patrem
1803 764 2000 810 interse-

284 851 468 900 cerant,
493 856 613 903 aqua
640 840 833 902 ignique
860 839 1088 885 damnatis
1121 839 1425 885 interdictum
1459 849 1575 886 erat.
1591 860 1616 882 n

347 920 567 965 Retinuit.
593 918 662 963 Cf.
692 919 871 975 vanu,
905 933 971 973 11,
1007 931 1083 974 72.

356 996 585 1041 Tradidit.
611 993 681 1040 cf.
707 995 928 1051 Amin„
958 1010 1004 1051 v,
1027 1009 1074 1054 p.
1104 993 1223 1052 703,
1258 1002 1305 1040 et
1327 995 1478 1040 Van..
1495 1029 1507 1051 ,
1535 1011 1601 1052 ιι,
1629 1010 1689 1052 72
1716 1003 1763 1040 et
1787 994 1862 1054 76.

346 1072 571 1118 Honores.
595 1073 651 1117 A.
678 1072 737 1116 U.
765 1085 858 1128 722
885 1072 1050 1116 consul
1074 1070 1164 1115 fuit
1195 1086 1301 1115 cum
1325 1072 1375 1116 C.
1401 1071 1553 1117 Sosio.

345 1150 455 1195 Cn.
483 1150 565 1194 lv.
594 1149 844 1194 Emtorem.
879 1173 945 1181 -
981 1149 1376 1206 Emtorfamilioe
1407 1147 1667 1205 dicebatur,
1707 1149 1808 1210 qui,
1848 1164 1997 1211 quum

267 1241 366 1287 per
383 1241 454 1271 oes
478 1235 527 1271 et
546 1225 709 1270 libram
740 1233 1067 1271 testamentum
1092 1223 1262 1282 fiebat,
1286 1225 1511 1270 adhibitis
1536 1225 1751 1286 quinque
1775 1226 1998 1284 testibus,

275 1317 363 1364 per
393 1301 714 1365 imaginariam
751 1302 1004 1363 quamdam
1029 1302 1452 1362 mancipationem,
1481 1311 1608 1348 certa
1625 1302 1747 1362 juris
1770 1303 1996 1349 solemni-

276 1387 390 1432 tate.
430 1379 746 1425 haereditatem
785 1381 994 1439 emebat,
1029 1389 1303 1440 nuncupato
1333 1379 1512 1426 interea
1556 1380 1606 1425 in
1641 1381 1770 1426 hunc
1802 1381 1995 1426 modum

274 1464 564 1503 testamento.

341 1535 510 1579 Bello.
527 1534 698 1590 Tacit„
721 1537 895 1582 Annal.
913 1567 930 1592 ,
955 1551 1023 1592 tv,
1055 1542 1115 1589 [04
1145 1551 1155 1579 :
1190 1555 1209 1576 κ
1229 1533 1463 1580 Domitius
1488 1533 1693 1581 exercitu
1717 1533 1894 1580 flumen
1907 1536 1996 1581 Al-

272 1608 370 1655 him
415 1612 728 1669 transcendit,
752 1611 940 1674 longius
973 1619 1222 1673 penetrata
1256 1612 1533 1668 Germania,
1569 1628 1711 1672 quam
1744 1612 1995 1674 quisquam

272 1686 484 1745 priorum
512 1704 522 1731 :
549 1704 722 1748 easque
747 1688 810 1733 ob
842 1704 916 1734 res
939 1688 1139 1750 insignia
1163 1688 1392 1748 triumphi
1416 1689 1613 1748 adeptus
1640 1697 1722 1734 est.
1744 1709 1763 1728 υ

338 1763 444 1809 Cn.
465 1766 522 1808 V.
548 1766 748 1810 Juvem‘s.
775 1765 971 1811 Addidit
983 1765 1197 1823 juvene’S,
1215 1765 1347 1826 quod
1365 1763 1423 1816 de
1440 1766 1490 1810 C.
1518 1766 1694 1811 Caesare
1707 1764 1992 1826 imperatore

273 1840 478 1904 cogitare
514 1842 683 1902 aliquis
705 1851 919 1903 poterat,
947 1842 1121 1904 eodem]
1143 1842 1334 1888 nomine
1364 1857 1477 1887 mox
1506 1858 1607 1902 cap.
1631 1857 1692 1891 'vr
1714 1851 1992 1891 memorato.

337 1919 557 1966 Mercede
568 1922 861 1980 palmarum.
893 1921 950 1965 H.
976 1935 1015 1965 e.
1041 1919 1250 1965 victoriae
1281 1919 1496 1980 praemio,
1523 1919 1658 1981 quod
1688 1919 1779 1966 illis
1805 1921 1994 1982 promi·-

270 2004 404 2042 serat.

334 2074 693 2119 Adulter-iorum.
720 2074 788 2120 Cf.
814 2076 1007 2131 hcm,
1033 2077 1238 2128 Annal.‚
1265 2090 1341 2131 vr,
1370 2081 1444 2132 47.

335 2150 533 2211 Lepida.
561 2152 632 2195 De
658 2151 747 2196 hac
771 2150 879 2195 vide
899 2153 1090 2209 Tsmr„
1115 2154 1294 2196 Annal.
1308 2186 1323 2207 ,
1347 2167 1444 2207 x11,
1470 2151 1546 2205 64.

334 2227 519 2289 Pyrgir.
555 2228 802 2287 Oppidum
847 2227 937 2273 fuit
974 2213 1173 2274 Etruriae
1210 2228 1333 2274 inter
1370 2228 1616 2274 Graviscas
1656 2237 1703 2274 et
1751 2230 1891 2274 Caere.
1924 2228 1993 2274 Cf.

269 2307 537 2363 δικαστῇ,
567 2321 614 2362 v,
638 2314 685 2366 p.
720 2302 838 2363 156,
863 2314 910 2350 et
935 2306 1168 2363 Curam,
1196 2306 1342 2366 Geog.
1370 2310 1511 2359 Ant„
1537 2321 1576 2350 11
1592 2320 1674 2365 ,·9‚
1702 2320 1748 2364 p.
1787 2303 1894 2360 735.

338 2382 526 2426 Genita.
557 2383 613 2427 A.
639 2383 700 2427 U.
726 2382 836 2439 781.
865 2383 905 2425 T
909 2381 1039 2438 acit.‚
1063 2384 1237 2426 Annal.
1252 2417 1267 2439 ,
1294 2396 1360 2438 xv,
1388 2382 1448 2439 75
1479 2397 1490 2426 ε
1516 2400 1541 2423 α
1557 2380 1775 2426 Tiberius
1805 2390 1992 2441 neptem

267 2457 578 2520 Agrippinam
606 2457 888 2503 Germanico
925 2467 1101 2516 ortam,
1136 2474 1286 2519 quum
1320 2473 1480 2503 coram
1523 2459 1609 2504 Cu.
1647 2456 1859 2502 Domitio
1893 2466 1993 2502 tra-

267 2534 487 2593 didisset,
518 2535 569 2581 in
599 2535 719 2580 urbe
745 2535 990 2581 celebrari.
1007 2535 1198 2595 nuptias
1223 2535 1388 2596 jussit,
1416 2543 1504 2581 etc.
1533 2555 1552 2575 ι»
1581 2534 1650 2580 Cf.
1675 2536 1848 2592 Drom,
1884 2550 1963 2579 uu
1981 2570 1993 2591 ‚

265 2627 313 2671 p.
339 2610 451 2672 696.
1851 2661 1854 2668 ⁴

334 2690 440 2747 Css·
475 2689 568 2746 ΥΞ.
600 2687 853 2733 Exoriente
889 2689 1000 2733 sole.
1040 2688 1186 2746 Quod
1226 2687 1349 2734 inter
1383 2688 1629 2751 praesagia,
1675 2704 1778 2748 quae
1814 2688 1992 2733 Neroni
2068 2698 2076 2708 ·

267 2763 533 2824 imperium·
555 2764 905 2824 portenderunt
925 2798 937 2819 ,
962 2774 1361 2811 commemoratur
1384 2781 1410 2810 a
1433 2766 1615 2823 Dione,
1640 2766 1670 2810 l.
1697 2780 1735 2810 c.
1750 2798 1763 2822 ,
1800 2779 1846 2824 p.
1882 2764 1990 2825 690.

333 2842 490 2886 Patris
529 2843 787 2897 vox.·Haec
830 2841 915 2887 fuit
948 2858 1044 2902 vox
1088 2842 1166 2888 illa
1206 2842 1431 2901 Domitii,
1466 2851 1582 2888 teste
1624 2842 1794 2898 Dion.,
1839 2841 1945 2885 ibid.
1979 2858 1988 2884 :

266 2913 342 2965 ὁτι
359 2918 560 2967 ἀδύνατόν
588 2913 855 2983 ὅστινᾶνδρσι
881 2926 974 2969 τινὰ
998 2927 1147 2984 ἀγαθὸν
1175 2928 1220 2969 ἔκ.
1235 2943 1279 2969 τι
1307 2928 1403 2983 ἐμοῦ
1428 2925 1498 2969 καὶ
1523 2927 1567 2968 ἐκ.
1582 2926 1731 2973 ταύτης
1745 2928 1990 2982 γεννηθῆναι.

332 2994 422 3037 Die
446 2994 646 3038 las-trico.
673 2995 910 3052 Macrob.,
938 2996 1128 3041 Satur-n.
1146 3029 1160 3050 ‚
1189 3012 1235 3053 1,
1267 2994 1321 3040 16
1356 3012 1366 3040 ε
1392 3015 1410 3036 α
1429 2997 1509 3041 Est
1533 3003 1687 3040 autem
1715 2994 1815 3038 dies
1842 2994 1988 3038 lustri-

265 3085 345 3114 cus
360 3102 375 3125 ,
402 3085 501 3131 quo
532 3069 733 3116 infantes
756 3072 1018 3118 lustrantur
1035 3072 1088 3118 ‘et
1115 3087 1287 3117 nomen
1311 3071 1551 3132 accipiunt
1574 3087 1586 3115 z
1613 3070 1694 3116 sed
1719 3069 1757 3115 is
1782 3068 1991 3115 maribus

265 3162 441 3202 nonus,
487 3156 681 3193 octavus
725 3157 794 3194 est
833 3149 1032 3195 feminis.
1060 3170 1079 3190 »
1117 3149 1255 3195 Ritus
1304 3149 1501 3195 usitatos
1553 3146 1776 3193 describit
1826 3148 1953 3193 Pers-
1969 3181 1982 3203 ,

267 3234 348 3272 sat.
378 3240 415 3269 ιι
432 3257 445 3279 ,
474 3223 548 3268 31.
