2372 3918
436 273 498 316 7o
1110 259 1160 304 C.
1198 258 1441 304 SUETON
1445 259 1491 304 11

432 382 570 419 num
596 360 964 432 laticlavium‚
1000 374 1054 420 et
1089 361 1472 420 centurionem
1509 383 1519 416 ε
1556 362 1652 438 qui
1689 381 1777 427 se,
1813 381 1925 439 quo
1952 359 2165 420 facilius

431 473 678 539 expertes
706 460 883 540 culpae
916 461 1302 535 ostenderent,
1336 460 1643 539 impudicos
1675 460 2077 539 probaverant3
2110 476 2165 519 et

432 563 506 619 ob
545 561 602 619 id
648 583 827 640 neque
870 562 1020 640 apud
1063 563 1288 636 ducem,
1323 583 1503 639 neque
1542 561 1689 640 apud
1729 560 1963 632 milites,
1998 561 2163 619 ullius

431 663 701 722 momenti
730 683 847 720 esse
877 663 1137 741 potuisse.

511 766 611 821 XI.
642 767 775 822 Erat
799 775 981 820 autem
1007 784 1122 820 non
1157 761 1335 828 sollum
1368 784 1605 842 magnae,
1637 762 1732 820 sed
1759 764 1923 820 etiam
1954 762 2161 820 callidae

431 865 842 943 inopinataeque
864 865 1098 921 saevitiae.
1129 866 1387 928 Actorem
1410 885 1776 936 summarum,
1798 863 1974 941 pridie
1997 884 2161 941 quam

431 965 584 1022 cruci
605 965 822 1042 figeret,
839 966 896 1021 in
922 963 1241 1022 cubiculum
1261 965 1505 1036 vocavit,
1528 964 1769 1022 assidere
1792 965 1848 1020 in
1870 977 1995 1020 toro
2006 963 2165 1041 juxta

433 1066 637 1143 coegit,
674 1086 931 1122 securum
961 1064 1304 1142 hilaremque
1329 1065 1573 1138 dimisit,
1616 1065 1864 1144 partibus
1897 1066 2060 1122 etiam
2098 1065 2166 1123 de

438 1186 594 1222 coena
623 1165 883 1244 dignatus
921 1178 1021 1222 est.
1056 1167 1374 1224 Arretinum
1409 1163 1750 1223 Clementem
1791 1165 2161 1239 consularem,

431 1287 608 1322 unum
629 1287 659 1322 e
676 1264 1039 1322 familiaribus
1062 1278 1118 1322 et
1142 1266 1437 1335 emissariis
1456 1267 1594 1336 suiS,
1621 1266 1816 1343 capitis
1839 1266 2167 1323 condemna-

438 1379 626 1437 turuS,
649 1367 707 1423 in
730 1366 943 1439 eadem,
967 1365 1055 1423 vel
1072 1367 1236 1423 etiam
1258 1368 1316 1423 in
1337 1368 1543 1443 majore
1565 1368 1741 1445 gratia
1753 1367 1964 1440 hahuit,
1983 1369 2164 1444 quoad
2190 1432 2194 1434 ,

435 1467 732 1524 novissime
748 1465 911 1523 simul
933 1468 1196 1545 gestanti,
1212 1479 1511 1544 conspecto
1533 1466 1779 1523 delatore
1796 1468 1940 1545 ejuS,
1962 1493 1988 1521 «
2004 1469 2119 1541 Vis,
2138 1494 2166 1522 »

436 1567 645 1645 inquit,
670 1592 697 1622 α
719 1569 872 1626 hunc
892 1569 1290 1646 nequissimum
1322 1588 1539 1624 servum
1569 1589 1690 1624 cras
1718 1568 2021 1627 audiamus,
2044 1595 2072 1624 >2
2097 1573 2168 1628 Et

436 1689 551 1745 quo
593 1670 926 1726 contemtius
976 1668 1302 1725 abuteretur
1343 1669 1605 1751 patientia
1652 1669 1973 1741 hominum,
2019 1692 2166 1727 nun-

435 1791 602 1847 quam
640 1771 943 1828 tristiorem
986 1771 1311 1828 sententiam
1359 1771 1477 1827 sine
1515 1770 1832 1847 praefatione
1865 1759 2168 1828 clementiae

432 1873 818 1950 pronuntiavit
860 1894 873 1928 ε
913 1884 977 1928 ut
1021 1893 1134 1928 non
1169 1870 1321 1958 aliud
1354 1873 1461 1948 jam
1506 1872 1710 1928 certius
1752 1873 1952 1928 atrocis
1991 1874 2167 1930 exitus

437 1974 660 2052 signum
688 1984 854 2044 esset,
877 1992 1045 2050 quam
1071 1972 1336 2051 principis
1365 1971 1576 2029 lenitas.
1607 1971 1894 2046 Quosdam
1917 1975 2168 2050 majesta-

432 2074 502 2131 tis
552 2094 677 2130 reos
723 2075 780 2130 in
829 2074 1056 2131 Curiam
1102 2073 1392 2130 induxerat
1435 2094 1449 2129 ε
1489 2059 1546 2129 et
1586 2094 1757 2150 quum
1805 2074 2167 2150 praedixisset,

433 2198 461 2226 (ι
483 2186 843 2252 experturum
870 2194 927 2230 se
955 2172 1050 2229 illa
1078 2172 1197 2244 die,
1225 2194 1390 2250 quam
1422 2194 1583 2229 carus
1615 2174 1828 2229 senatui
1853 2186 2010 2247 esset,
2032 2198 2061 2227 n
2089 2175 2166 2231 fa·

432 2272 535 2330 cile
563 2274 897 2352 perfecerat,
929 2286 992 2330 ut
1029 2275 1194 2330 etiam
1238 2294 1395 2329 more
1431 2274 1704 2350 majorum
1737 2274 2002 2351 puniendi
2031 2295 2164 2331 con·

430 2375 869 2431 demnarentur:
906 2374 1136 2448 deinde,
1172 2375 1462 2431 atrocitate
1507 2395 1663 2452 paene
1699 2376 2063 2447 conterrituS,
2094 2375 2165 2431 ad

430 2475 739 2533 leniendam
768 2476 1034 2533 invidiam
1064 2477 1402 2547 intercessit,
1434 2477 1534 2532 his·
1554 2476 1736 2532 verbis
1763 2475 1979 2554 (neque
2015 2477 2162 2532 enim

430 2577 499 2632 ab
541 2597 602 2633 re
632 2576 800 2632 fuerit
830 2577 948 2654 ipsa
980 2575 1380 2654 cognoscere):
1411 2576 1786 2646 «Permittite,
1818 2587 2003 2652 patres
2032 2597 2164 2631 con-

431 2678 650 2754 scripti,
677 2697 709 2732 a
732 2677 935 2753 pietate
963 2689 1142 2733 vestra
1169 2676 1483 2755 impetrari,
1509 2674 1658 2753 quod
1685 2677 1799 2732 scio
1824 2697 1911 2732 me
1932 2676 2166 2732 difficul-

433 2790 519 2832 ter
534 2772 994 2854 impetraturum,
1025 2789 1087 2832 ut
1109 2776 1381 2833 damnatis
1398 2776 1632 2833 liberum
1658 2777 1852 2832 mortis
1870 2777 2158 2832 arbitrium

433 2878 778 2958 indulgeatis.
801 2880 940 2936 Nam
969 2891 1024 2936 et
1042 2880 1277 2957 parcetis
1302 2877 1478 2936 oculis
1507 2878 1734 2948 vestris,
1767 2890 1822 2933 et
1852 2876 2159 2955 intelligent

432 2999 518 3035 me
547 3000 738 3035 omnes
764 2981 978 3036 senatui
1012 2979 1341 3036 interfuisse.
1368 3005 1397 3033 »

511 3081 638 3136 XII.
675 3081 990 3138 Exhaustus
1023 3101 1256 3158 operum
1302 3101 1365 3137 ac
1409 3099 1698 3136 munerum
1744 3079 2026 3156 impensiS,
2060 3077 2157 3133 sti-

435 3179 776 3258 pendioque,
810 3180 959 3259 quod
993 3180 1291 3260 adjecerat,
1343 3180 1579 3237 tentavit
1611 3179 1866 3257 quidem,
1910 3176 1978 3234 ad
2023 3176 2160 3233 rele-

438 3279 642 3336 vandos
695 3293 994 3339 castrenses
1049 3295 1263 3339 sumtus
1282 3324 1296 3353 ,
1348 3266 1582 3337 militum
1615 3289 1927 3336 'numerum
1983 3276 2158 3334 demi-
