2372 3918
898 290 1218 337 CALIGULA.
1823 303 1907 350 ¹97

211 395 429 451 tertium
464 396 710 453 contulit.
754 394 988 452 Incitato
1018 412 1186 468 equo,
1217 391 1372 466 cujus
1406 411 1565 446 causa
1601 392 1775 468 pridie
1802 394 1907 450 cir·

208 514 428 567 censeS,
462 516 528 551 ne
559 496 976 572 inquietaretur,
1011 491 1222 547 viciniae
1260 488 1537 547 silentium
1573 510 1670 568 per
1705 490 1907 550 milites

209 591 446 651 indicere
478 594 708 667 solebat,
733 605 926 670 praeter
954 590 1133 668 equile
1158 609 1554 660 marmoreum,
1582 601 1637 645 et
1669 610 1909 669 praesepe

206 692 540 764 eburneum,
567 704 868 770 praeterque
897 710 1175 769 purpurea
1206 699 1556 767 tegumenta,
1584 708 1648 744 ac
1683 688 1908 746 monilia

207 813 235 846 e
265 794 488 869 gemmis
507 836 523 865 ,
552 792 775 848 domum
804 791 1000 860 etiam,
1030 802 1082 846 et
1114 786 1374 845 familiam
1394 832 1409 859 ,
1435 799 1491 844 et
1522 785 1908 864 supellectilem

205 890 388 963 dedit,
428 910 539 968 quo
572 890 772 947 lautius
822 890 1042 946 nomine
1081 890 1197 966 ejus
1236 888 1447 944 invitati
1483 887 1861 964 acciperentur
1898 910 1910 942 :

206 988 548 1047 consulatum
575 1010 794 1067 quoque
826 988 1060 1046 traditur
1087 987 1400 1045 destinasse.

281 1092 426 1146 LVI.
474 1092 558 1146 Ita
597 1090 967 1166 bacchantem⁴
1004 1101 1171 1164 atque
1205 1099 1541 1165 grassantem
1586 1108 1699 1143 non
1736 1087 1911 1145 defuit

200 1188 471 1266 plerisque
502 1190 717 1245 animus
758 1188 977 1245 adoriri.
1022 1187 1133 1244 Sed
1169 1207 1279 1242 una
1315 1185 1593 1263 alteraque
1629 1189 1912 1265 conspira-

201 1289 349 1345 tione
373 1287 609 1362 detecta,
632 1288 752 1345 aliis
777 1310 873 1366 per
897 1289 1136 1366 inopiam
1165 1288 1467 1344 occasionis
1490 1289 1874 1345 cunctantibus
1893 1333 1908 1358 ‚

202 1389 313 1444 duo
345 1387 633 1445 consilium
664 1389 1236 1458 communicaverunt,
1268 1387 1724 1464 perfeceruntque
1752 1410 1765 1443 ε
1796 1410 1907 1445 non

202 1490 318 1544 sine
352 1490 680 1546 conscientia
708 1489 1215 1566 'potentissimorum
1247 1487 1595 1559 libertorum,
1629 1488 1907 1565 praefecto-

201 1608 434 1665 rumque
468 1590 740 1666 praetorii3
776 1588 923 1665 quod
951 1589 1052 1665 ipsi
1077 1609 1330 1665 quoque,
1355 1589 1456 1644 etsi
1491 1587 1655 1660 falso,
1691 1590 1746 1644 in
1773 1610 1907 1666 qua·

201 1688 326 1743 dam
370 1688 748 1764 conjuratione
783 1690 935 1764 quasi
971 1690 1266 1765 participes
1298 1689 1593 1760 nominati,
1628 1701 1905 1765 suspectos

202 1802 381 1843 tamen
415 1808 471 1842 se
504 1800 559 1843 et
584 1788 786 1843 invisos
820 1788 1142 1843 sentiebant.
1178 1789 1323 1844 Nam
1354 1799 1408 1842 et
1441 1789 1625 1842 statim
1665 1788 1906 1844 seductis

198 1907 452 1964 magnam
502 1886 630 1943 fecit
684 1886 946 1943 invidiam
971 1930 986 1959 ,
1036 1887 1294 1943 destricto
1352 1885 1532 1963 gladio
1581 1886 1863 1943 affirmans
1892 1933 1907 1958 ‚

197 2012 223 2039 <c
248 1999 444 2064 sponte
476 2007 532 2042 se
572 1990 875 2063 periturum
898 2028 914 2057 ,
945 1987 989 2042 si
1022 1992 1077 2042 et
1115 1985 1220 2042 illis
1251 1999 1425 2042 morte
1460 1986 1658 2064 dignus
1691 1986 1906 2043 videre-

197 2101 289 2144 tur
318 2110 331 2144 z
364 2113 390 2141 »
425 2110 523 2145 nec
554 2089 782 2144 cessavit
813 2109 878 2144 ex
911 2109 976 2144 eo
1016 2089 1294 2144 criminari
1333 2087 1567 2145 alterum
1600 2086 1794 2158 alteri,
1822 2101 1909 2143 at-

198 2207 303 2264 que
330 2189 469 2243 inter
498 2209 555 2244 se
586 2208 775 2244 omnes
808 2188 1169 2244 committere.
1197 2189 1385 2260 Quum
1422 2185 1714 2265 placuisset
1747 2186 1908 2244 Pala-

198 2287 326 2342 tinis
355 2285 497 2342 ludis
522 2285 833 2364 spectaculo
860 2307 1135 2364 egressum
1164 2287 1391 2343 meridie
1418 2286 1672 2365 aggredi,
1700 2288 1906 2364 primas

199 2387 299 2442 sibi
343 2398 523 2464 partes
565 2387 785 2442 Cassius
823 2387 1081 2458 Chaerea,
1121 2387 1375 2443 tribunus
1422 2387 1662 2442 cohortis
1710 2398 1909 2464 praeto-

197 2489 289 2542 riae
307 2530 324 2557 ,
356 2486 675 2563 depoposcit
704 2509 717 2541 ε
745 2507 905 2563 quem
935 2488 1099 2543 Caius
1128 2488 1396 2542 seniorem
1419 2487 1564 2563 jam,
1594 2498 1655 2541 ut
1684 2484 1904 2541 mollem

198 2599 251 2641 et
298 2586 672 2643 effeminatum
719 2586 979 2643 denotare
1026 2588 1176 2642 omni
1223 2587 1428 2664 probro
1474 2597 1766 2641 consuerat
1789 2629 1804 2657 ‚
1856 2597 1909 2639 ct

199 2685 362 2741 modo
381 2728 397 2758 ,
438 2686 656 2763 signum
695 2688 930 2763 petenti,
975 2691 1252 2767 Priapum.
1294 2699 1389 2743 aut
1433 2688 1697 2743 Venerem
1739 2684 1904 2756 dare,

200 2786 365 2842 modo
386 2827 403 2856 ,
454 2806 520 2841 ex
573 2782 757 2861 aliqua
806 2805 966 2842 causa
1019 2788 1200 2863 agenti
1256 2788 1459 2864 gratias
1481 2829 1496 2855 ,
1552 2763 1907 2842 osculandam

201 2906 422 2941 manum
451 2885 674 2959 offerre,
704 2885 989 2942 formatam
1025 2897 1467 2961 commotamque
1498 2887 1553 2941 in
1587 2888 1905 2943 obscoenum

202 2984 439 3042 modum.
1664 3040 1670 3046 .

280 3088 448 3142 LVII.
471 3088 691 3142 Futurae
714 3085 878 3142 caedis
897 3083 1067 3143 multa
1090 3084 1338 3163 prodigia
1361 3086 1699 3142 exstiterunt.
1721 3082 1910 3161 Olym·

201 3186 303 3262 piae
336 3185 684 3241 simulacrum
719 3187 899 3256 Jovis,
934 3186 1081 3262 quod
1113 3184 1334 3242 dissolvi
1371 3184 1765 3260 transferrique
1796 3186 1911 3241 Ro·

204 3304 344 3340 mam
385 3284 694 3361 placuerat,
728 3297 939 3342 tantum
975 3286 1299 3342 cachinnum
1345 3297 1566 3362 rcpcntc
1597 3282 1802 3354 edidit,
1847 3294 1905 3337 ut
