2372 3918
407 263 493 308 166
986 279 992 285 ¹
1171 260 1362 305 NOTAE

464 361 702 406 Nursinos,
732 357 1047 405 Nursinorum
1071 357 1302 419 oppidum
1326 365 1426 402 erat
1449 355 1511 401 ad
1532 353 1712 400 radices
1735 353 1990 414 Apennini.
2022 356 2132 401 Cel-

397 439 509 494 lan,
543 437 687 498 Geog.
710 446 834 492 ana,
863 452 928 495 11,
956 451 1009 497 9,
1031 451 1079 495 p.
1109 434 1217 492 780.

466 516 577 561 Cn.
617 515 751 559 XIII.
776 514 976 560 ExutuS.
1008 512 1271 569 Plutarch„
1297 511 1347 556 in
1375 513 1576 565 Arnon„
1611 525 1658 570 p.
1688 507 1783 570 925
1817 524 1828 553 τ
1860 519 1922 573 Τῇ
1951 515 2021 573 μὲν
2055 514 2131 573 γὰρ

398 601 575 658 προτέρᾳ
595 599 709 658 μάχῃ
732 601 898 657 Καῖσαρ
913 600 990 643 ὑπὸ
1013 599 1184 654 Βρούτου
1204 596 1315 639 κατὰ
1338 597 1482 654 κράτος
1501 594 1708 647 ἡττηθεὶς,
1731 589 1916 636 &wigone
1938 593 1985 634 τὸ
2012 608 2136 650 στρα-

395 672 597 730 τόπεδον,
626 675 698 721 καὶ
733 678 868 736 μικρὸν
899 677 992 733 ἔφθη
1023 675 1113 724 τοὺς
1135 670 1358 723 διώκοντας
1387 673 1635 730 ὑπεκφυγών.

463 745 628 792 Misso.
663 745 786 803 Dio,
816 760 980 802 XLVII,
1006 760 1053 805 p.
1086 744 1180 791 356
1207 760 1217 788 Ξ
1254 741 1292 792 ss
1319 746 1368 793 δὲ
1402 746 1456 797 δὴ
1482 750 1635 806 κεφαλὴ
1673 748 1852 806 ἐπέμφθη
1893 745 1963 805 μὲν
1995 748 2031 795 ἐς
2061 748 2133 793 τὴν

395 820 556 888 Ρώμην·
578 835 747 889 χειμῶνι
779 825 828 872 δὲ
858 831 895 871 ἐν
936 834 993 884 τῷ
1022 828 1104 871 ἀπὸ
1127 833 1197 870 τοῦ
1221 827 1440 886 Δυρραχίου
1464 822 1631 884 διάπλῳ
1658 829 1961 883 περιπεσοῦσα,
1996 825 2033 873 ἐς
2061 825 2132 870 τὴν

395 907 606 949 Θάλασσαν
638 907 783 965 ἐρρίφη.

466 978 657 1021 Patrem
670 975 889 1036 elfilc'um.
905 976 1088 1035 Nempe
1110 974 1328 1036 Aquilios
1343 976 1532 1033 Floros‚
1549 983 1665 1020 teste
1677 973 1820 1019 Dion.
1832 987 1997 1032 ‚.1.1,p
2015 976 2135 1027 444:

395 1060 449 1103 Οἱ
477 1057 527 1103 δὲ
544 1057 599 1109 ὃῆ
624 1066 796 1120 Φλῶροι,
827 1062 888 1103 ὅτι
910 1077 976 1103 τον
1008 1061 1136 1118 ἕτερον
1164 1061 1230 1103 τὸν
1263 1060 1445 1116 λαχόντα
1468 1061 1731 1109 κελεύσαντος
1758 1060 1881 1101 αὐτοῦ
1907 1062 2137 1115 σφαγῆναι,

396 1140 613 1198 ἀμφότεροι
636 1137 922 1197 ὃιεφθοὶρησαν’
960 1137 1064 1187 ἦσαν
1097 1140 1166 1197 μὲν
1191 1138 1268 1198 γὰρ
1291 1140 1429 1197 πατήρ
1457 1156 1504 1182 τε
1526 1140 1594 1183 καὶ
1627 1140 1748 1190 παῖς,
1770 1155 1809 1180 κ.
1832 1153 1869 1179 τ.
1897 1144 1933 1180 λ.

462 1213 692 1255 AEmulus.
718 1209 955 1256 Plutarch.
971 1243 984 1266 ,
1013 1205 1077 1254 in'
1094 1209 1211 1255 Coes.
1225 1243 1240 1264 ,
1270 1225 1318 1270 p.
1354 1208 1447 1267 718
1473 1226 1484 1254 :
1519 1207 1575 1266 ὸς
1587 1214 1634 1264 ἦν
1660 1215 1837 1265 ζηλωτὴς
1866 1215 2070 1262 Κάτωνος.

465 1287 833 1348 Municipalc‘bus
858 1287 998 1348 agn'S.
1029 1286 1098 1331 Cf.
1124 1286 1329 1347 Appian.
1346 1322 1359 1344 ‚
1386 1303 1466 1345 lv,
1488 1302 1536 1346 p.
1576 1284 1686 1347 590.

463 1364 591 1408 Pelle·
624 1379 687 1409 se.
718 1363 948 1424 Appiam,
980 1362 1119 1419 ibid„
1151 1380 1200 1424 p.
1227 1363 1323 1422 678
1363 1380 1374 1407 :
1402 1366 1570 1412 «Οὐδὲν
1602 1370 1672 1428 μὲν
1705 1366 1906 1417 ἀδικῆσαι
1938 1370 2140 1425 λέγοντες,

370 1434 613 1490 Ἰταλιῶται
645 1443 695 1489 δὲ
720 1447 828 1496 ὅντες
843 1447 1091 1490 ἀνίστασθαι
1117 1452 1190 1504 γῆς
1210 1464 1258 1489 τε
1280 1445 1352 1489 καὶ
1378 1447 1517 1496 ἑστίας
1541 1439 1605 1489 οἶα
1626 1443 1885 1504 ὃορύληπτοι.

461 1516 571 1561 Non
588 1532 679 1577 pro
698 1532 786 1578 spe
803 1516 1084 1561 meritorum.
1109 1515 1338 1577 Appiam,
1354 1517 1477 1561 ibid.
1502 1533 1518 1560 .·
1541 1524 1597 1565 Οἱ
1613 1540 1660 1566 τε
1682 1522 1759 1581 γὰρ
1791 1527 2042 1580 στρατιῶται
2068 1521 2142 1570 τὰς

395 1601 530 1650 πόλεις
548 1602 682 1659 ᾔτουν,
707 1601 752 1644 αἳ
784 1603 920 1650 αὐτοῖς
949 1597 1187 1658 ἀριστίνδην
1212 1599 1318 1649 Ιἦσαν
1352 1602 1634 1659 ἐπειλεγμέναι
1663 1602 1740 1659 πρὸ
1771 1606 1842 1643 τοῦ
1865 1601 2056 1658 πολέμου.

464 1673 570 1717 Cn.
600 1673 737 1717 xlv.
764 1672 978 1718 Gerebat.
1006 1673 1126 1718 Cum
1141 1675 1192 1718 P.
1221 1671 1422 1717 Servilio
1448 1670 1683 1729 Isaurico,
1702 1673 1759 1716 A.
1783 1672 1843 1717 U.
1867 1672 1977 1729 713.

465 1751 723 1795 Fraternoe.
749 1751 895 1795 Erant
919 1749 1016 1795 duo
1040 1748 1208 1795 fratres
1230 1747 1454 1807 Antonii.
1480 1764 1689 1809 quorum
1722 1749 1840 1794 alter
1856 1747 2031 1793 Lucius
2055 1762 2143 1808 ge—

396 1827 532 1872 rebat
558 1826 852 1872 tribunatum
875 1827 1027 1887 plebis
1045 1861 1057 1883 ‚
1074 1828 1191 1871 alter
1216 1842 1331 1871 vero
1357 1825 1497 1871 Caius
1522 1833 1790 1886 praeturam.
1815 1824 1941 1871 Vide
1962 1825 2110 1869 D1o1v.
2129 1858 2139 1878 ‚

396 1919 512 1961 nx,
531 1919 579 1964 p.
609 1911 720 1962 274.

470 1981 714 2042 Compulit.
748 1983 899 2038 Flor.,
926 1998 998 2039 ιν,
1038 1982 1064 2028 5
1103 1998 1114 2026 ;
1150 1981 1316 2026 «Intra
1337 1980 1538 2025 Perusiae
1566 1995 1729 2025 muros
1761 1978 1973 2041 redegit,
2004 1995 2141 2024 com-

397 2058 616 2119 pulitque
643 2059 704 2104 ad
728 2069 937 2105 extrema
962 2051 1218 2103 deditionis
1245 2056 1374 2117 turpi
1394 2065 1440 2101 et
1468 2055 1585 2101 nihil
1611 2072 1713 2102 non
1740 2065 1935 2117 experta
1966 2056 2103 2101 fame.
2119 2077 2140 2098 »

398 2136 598 2193 Lucan,
623 2152 668 2193 1,
697 2142 751 2189 41
787 2152 796 2179 :

577 2271 649 2310 His
665 2273 807 2320 Caesar,
831 2270 1023 2311 Perusina
1044 2270 1166 2311 fames
1181 2270 1428 2323 Mutinaeque
1450 2270 1618 2310 labores.

399 2401 545 2459 Quod
581 2401 756 2446 factum
798 2411 866 2445 est
899 2403 955 2446 A.
981 2403 1039 2447 U.
1079 2407 1195 2457 714,
1231 2402 1315 2447 Cn.
1346 2399 1559 2444 Domitio
1595 2400 1792 2445 Calvino
1830 2417 1870 2445 11
1898 2410 1943 2445 et
1975 2402 2141 2447 Asinio

398 2477 612 2523 Pollione
641 2494 756 2525 coss,

464 2559 522 2601 In
548 2556 894 2618 quatuordecim
919 2556 1171 2600 ordinibus.
1196 2555 1258 2599 Hi
1279 2554 1470 2601 ordines
1483 2554 1723 2615 equitibus
1747 2563 1880 2599 erant
1903 2554 2139 2617 assignati.

401 2634 524 2679 Vide
550 2635 696 2689 Caes„
723 2650 887 2694 supra,
917 2649 1088 2679 xxxix.

467 2711 694 2756 Excz'tari.
722 2710 929 2756 Excitari
953 2708 1001 2774 (i.
1028 2726 1067 2756 e.
1096 2708 1286 2773 expelli)
1318 2709 1582 2766 dicebatur,
1618 2710 1703 2770 qui
1734 2712 1842 2754 loco
1869 2710 1922 2754 in
1955 2711 2142 2755 theatro

405 2789 493 2834 sibi
513 2805 613 2834 non
638 2789 801 2853 debito
825 2804 1017 2850 surgere
1040 2788 1315 2848 jubebatur.
1340 2789 1480 2832 Mart.
1499 2822 1512 2844 ,
1536 2804 1590 2844 v,
1613 2794 1669 2841 14
1697 2804 1707 2831 :

581 2927 727 2967 Sedere
745 2926 874 2980 primo
888 2925 1025 2966 solitus
1038 2925 1081 2966 in
1097 2925 1222 2979 gradu
1238 2938 1407 2979 semper,

579 2999 695 3036 Tunc
717 3009 838 3049 quum
853 2994 991 3036 liceret
1005 3008 1201 3049 occupare
1219 2994 1452 3043 Manneius‚

576 3065 642 3105 Bis
661 3065 875 3114 excitatus,
899 3073 1039 3118 terque
1058 3064 1258 3105 transtulit
1281 3071 1420 3104 castra.

471 3210 581 3252 Cu».
603 3209 711 3252 XV.
730 3208 812 3252 Ad
832 3223 982 3251 aram.
1006 3206 1122 3252 Inde
1148 3207 1335 3262 Senec.‚
1360 3203 1420 3250 de
1443 3205 1585 3250 Clem.
1600 3237 1615 3260 ,
1642 3220 1688 3263 1,
1716 3219 1742 3248 2
1771 3220 1781 3248 :
1812 3222 1831 3244 «
1855 3202 2017 3249 Fuerit
2035 3218 2146 3247 mo-

409 3285 597 3329 deratus
621 3294 667 3329 et
696 3285 910 3331 Clemens
943 3287 1211 3347 Augustus,
1236 3298 1408 3344 nempe
1427 3292 1537 3343 post
1560 3281 1805 3343 perusinas
1833 3296 1948 3343 aras.
1971 3303 1989 3322 »
