2372 3918
719 227 783 271 IN
823 224 1131 269 TIBERIUM
1166 222 1492 266 NERONEM.
1875 225 1967 272 233

249 335 541 381 consultante
564 332 791 392 Pompeio
814 330 969 376 Mario
994 338 1194 390 praetore
1211 363 1225 386 ,
1247 344 1308 373 an
1326 327 1506 386 judicia
1532 330 1783 387 majestatis
1796 334 1970 380 redde-

246 422 426 471 rentur,
454 409 738 457 exercendas
759 410 884 471 leges
908 422 1006 454 esse
1026 406 1287 467 respondit.
1310 428 1328 446 υ

312 502 605 561 Dempserae.
638 498 827 543 Statuas
847 496 914 542 ita
940 495 1159 552 formari,
1184 503 1238 539 ut
1262 493 1415 554 capita
1441 493 1542 537 tolli
1566 503 1613 539 et
1638 495 1969 553 alia-substitui

249 583 459 638 possent,
484 574 626 619 docet
647 572 762 619 Plin.
782 608 795 632 ,
824 574 881 618 H.
916 572 974 617 N.
991 605 1005 626 ,
1031 587 1176 627 xxxv,
1209 586 1238 616 2
1265 586 1277 615 z
1311 590 1330 610 α
1348 571 1478 615 AErei
1501 579 1752 629 ponuntur
1789 574 1965 633 clypei,

245 659 466 713 argentea
510 650 650 697 facies
681 649 828 696 surdo
865 647 1127 711 figurarum
1174 647 1443 694 discrimine
1468 681 1481 703 ,
1519 655 1777 694 statuarum
1815 649 1967 710 capita

246 736 589 789 permutantur.
620 748 639 769 υ

311 805 512 851 Nummo
537 808 620 852 vel
644 806 798 850 anulo.
842 804 1031 862 Seneca,
1060 804 1120 849 de
1156 802 1350 861 Benef,
1388 819 1487 860 111,
1536 802 1597 847 26
1640 818 1651 846 ε
1690 823 1708 842 ιι
1738 803 1968 848 Coenabat

245 882 415 928 Paulus
436 881 685 944 praetorius
714 880 764 926 in
786 881 1008 927 convivio
1025 881 1264 942 quodam,
1293 879 1544 941 imaginem
1571 880 1750 926 Tiberii
1769 880 1969 938 babens,

246 966 439 1020 ectypa,
462 968 509 1005 et
545 959 776 1016 eminente
811 973 1008 1021 gemma.
1042 960 1160 1003 Rem
1191 957 1528 1018 ineptissimam
1563 957 1747 1014 fecero,
1777 957 1816 1003 si
1846 973 1971 1003 nuuc

244 1034 389 1082 verba
423 1035 650 1097 quaesiero
684 1035 1086 1096 quemadmodum
1123 1035 1277 1080 dicam
1309 1034 1441 1079 illum
1474 1035 1711 1080 metallum
1742 1034 1970 1080 sumsisse.

246 1111 390 1169 Quod
413 1111 587 1158 factum
617 1110 754 1158 simul
776 1120 823 1157 et
844 1114 1010 1171 Maro,
1036 1127 1094 1157 ex
1115 1111 1243 1157 uotis
1267 1111 1391 1156 illius
1418 1110 1644 1171 temporis
1667 1110 1968 1171 vestigatori-

243 1186 359 1244 bus,
383 1188 580 1233 notavit.
609 1190 673 1235 At
695 1204 859 1236 servus
883 1189 987 1249 ejus
1009 1188 1087 1236 cui
1106 1189 1418 1234 nectebantur
1442 1186 1646 1241 insidiae,
1669 1186 1713 1232 ei
1735 1186 1869 1232 ebrio
1886 1202 1972 1232 an-

245 1263 410 1309 nulum
445 1265 675 1323 extraxit3
711 1274 758 1312 et
784 1282 932 1328 quum
966 1268 1104 1312 Maro‘
1137 1266 1359 1313 convivas
1391 1273 1657 1322 testaretur,
1685 1285 1704 1303 a
1733 1264 1971 1310 admotam

195 1337 197 1341 '
249 1350 348 1383 esse
382 1339 631 1402 imaginem
665 1342 901 1402 obscenis,
928 1364 948 1385 »
986 1352 1034 1390 et
1067 1343 1165 1403 jam
1201 1341 1597 1402 subscriptionem
1634 1350 1971 1400 componeret;

246 1415 450 1460 ostendit
474 1417 521 1463 in
547 1434 691 1465 manu
713 1436 794 1467 sua
821 1437 981 1468 servus
1003 1423 1243 1468 annulum.
1263 1443 1282 1462 υ

312 1491 422 1540 Cn.
457 1495 586 1540 LIX.
623 1497 886 1544 Versiculis.
923 1500 1141 1557 Quorum
1176 1497 1330 1560 ignoti
1360 1504 1493 1544 erant
1525 1500 1767 1553 auctores,
1799 1496 1971 1549 Tacit.,

244 1569 450 1625 κῶπαι,
479 1585 519 1628 1,
552 1586 611 1629 72
646 1588 659 1618 τ
688 1593 709 1614 «
725 1575 864 1620 Hunc
887 1589 1084 1635 quoque
1107 1588 1383 1636 asperavere
1414 1572 1649 1631 carmina,
1673 1571 1861 1618 incertis
1884 1588 1972 1618 au-

244 1642 456 1690 ctoribus
485 1648 707 1709 vulgata,
746 1650 798 1695 in
826 1651 1049 1698 saevitiam
1079 1650 1447 1712 superbiamque
1477 1648 1601 1709 ejus,
1633 1657 1680 1695 et
1702 1648 1968 1695 discordem

244 1734 351 1765 eum
382 1730 531 1771 matre
556 1725 778 1772 animum.
796 1747 821 1770 n

313 1796 522 1846 Centum.
534 1802 583 1847 ·1.
609 1818 648 1848 e.
674 1818 734 1850 ne
756 1813 924 1865 quarta
950 1803 1146 1865 quidem
1160 1819 1271 1865 pars
1294 1819 1462 1851 census
1487 1805 1744 1865 equestris,
1770 1805 1971 1850 docente

244 1874 312 1920 cl.
345 1877 490 1923 Hase.

305 1954 481 2002 Aurea.
522 1955 656 2003 Sicut
691 1958 971 2006 crudelitate
1005 1974 1089 2005 sua
1125 1973 1326 2021 regnum
1373 1956 1563 2004 Caesaris
1600 1972 1795 2003 aureum
1832 1958 1971 2005 fuisse

241 2030 546 2079 ostenderant
574 2034 811 2081 triumviri
839 2036 1103 2097 Antonius,
1127 2030 1374 2094 Octavius,
1394 2034 1632 2095 Lepidus,
1662 2042 1780 2081 teste
1811 2036 1971 2090 Dion.,

238 2120 403 2166 ΧῘΝῙῙ,
430 2125 480 2170 Ρ·
521 2110 613 2157 336
640 2128 651 2157 :
676 2120 740 2163 Τὰ
770 2116 820 2163 δὲ
845 2117 899 2168 δὴ
922 2123 1156 2178 πράγματα
1183 2121 1280 2179 πρός
1301 2137 1347 2162 τι
1379 2121 1424 2161 τὸ
1450 2117 1635 2176 &omnam
1661 2117 1730 2162 καὶ
1765 2122 1862 2177 πρὸς
1885 2122 1971 2162 ἐπι·

239 2191 407 2248 Θύμημα
421 2194 467 2236 τὸ
485 2196 635 2238 ἑαυτῶν
659 2193 814 2255 διῆγον,
829 2199 934 2240 ὥστε
950 2203 1096 2255 χρυσῆν
1114 2199 1185 2245 τὴν
1213 2202 1285 2239 τοῦ
1307 2196 1516 2252 Καίσαρος
1539 2196 1758 2253 μοναρχίαν
1781 2202 1969 2253 φανῆναι.

307 2262 515 2309 Romule.
546 2265 604 2310 H.
638 2280 678 2312 e.
711 2268 951 2325 Romane,
974 2276 1030 2313 ut
1051 2267 1102 2312 in
1124 2267 1292 2314 Catull.
1307 2300 1321 2324 ,
1344 2281 1490 2323 xxxx,
1516 2264 1542 2310 5
1573 2282 1583 2310 ε

415 2399 575 2442 Cinoede
598 2402 785 2453 Romule,
809 2403 892 2444 haec
915 2403 1066 2445 videbis
1089 2412 1127 2444 et
1151 2403 1280 2444 feres?

310 2540 497 2586 Antoni.
523 2541 578 2586 In
603 2556 743 2602 quem
769 2542 937 2589 Cicero
963 2552 1078 2589 tunc
1101 2543 1331 2605 temporis
1352 2543 1609 2603 plurimum
1633 2542 1682 2593 in,
1718 2542 1836 2587 urbe
1861 2543 1971 2602 pol-

240 2613 341 2660 lens
376 2625 586 2663 senatum
625 2619 899 2678 concitavit,
927 2620 1212 2681 tandemque
1238 2619 1376 2666 evicit
1406 2628 1460 2665 ut
1490 2621 1671 2665 hostem
1705 2618 1968 2665 Antonium

237 2690 495 2749 judicaret,
529 2703 576 2740 et
605 2696 773 2742 Caesari
805 2697 994 2744 lictores
1022 2698 1317 2760 insigniaque
1357 2697 1656 2755 decerneret,
1680 2699 1971 2756 Pansamque

243 2776 290 2813 et
310 2767 515 2816 Hirtium
548 2771 756 2819 mitteret
789 2774 850 2832 ad
876 2790 983 2820 eum
1018 2762 1292 2837 pellendum
1323 2774 1471 2821 Italia.
1510 2773 1633 2819 Vide
1667 2776 1969 2827 l’runncn„

241 2845 291 2890 iu
323 2851 516 2903 Ancon„
541 2864 590 2910 p.
615 2850 724 2910 923.
811 2853 813 2855 ’

313 2923 466 2971 Coede.
503 2927 578 2972 Sc.
612 2926 802 2973 illorum
836 2944 959 2990 quos
1004 2930 1155 2975 redux
1203 2929 1498 2990 proscriptos
1538 2927 1804 2973 trucidavit.
1848 2928 1968 2983 Dio,

243 3016 371 3058 xuv,
393 3016 441 3062 p.
468 2999 557 3048 331
588 3020 600 3048 :
625 3001 660 3051 ὸ
683 3008 732 3053 δὲ
756 3004 951 3062 Ᾰντώνιις
973 3016 1091 3071 ὠμῶς
1114 3013 1182 3057 καὶ
1205 3014 1377 3062 ἀνηλεῶς
1401 3014 1483 3068 οὐχ’
1505 3013 1566 3054 ὅτι
1596 3011 1686 3059 τεὺς
1717 3012 1969 3060 ὶκτεθέντας.

244 3083 349 3129 ἀλλὰ
371 3083 439 3128 καὶ
466 3087 556 3136 τοὺς
586 3088 847 3147 ἐπικουρῆσαί
886 3107 962 3132 τινι
997 3092 1127 3134 αὐτῶν
1160 3091 1496 3147 ἐπιχειρήσαντας
1528 3090 1698 3131 ἔκτεινα·
1726 3088 1798 3135 τοὶς
1826 3104 1869 3130 τε
1904 3104 1968 3131 κι-

242 3161 371 3219 φαλὰς
401 3169 524 3220 σφῶν,
557 3164 589 3207 εἰ
613 3166 681 3208 καὶ
708 3169 936 3224 σιτούμενος
960 3171 1190 3226 ἐτύγχανεν,
1219 3170 1458 3213 innoxiam.
1483 3166 1551 3210 καὶ
1578 3167 1645 3208 aaz
1681 3167 1868 3208 πλιῖστον
1899 3172 1969 3214 τῆς

242 3238 499 3298 οἶκτροτοίτης
531 3242 659 3284 αὐτῶν
687 3243 808 3298 ὅψεως
837 3245 1125 3301 suffetanum
