2372 3918
309 249 370 306 64
977 255 1027 301 C.
1066 254 1351 305 SUETONII

308 354 661 413 emeritorum
683 356 1033 435 praemiorum
1062 363 1450 421 exauctoravit.
1483 363 1780 435 Cohortes,
1813 364 1854 419 si
1891 383 2011 440 quae

307 457 586 512 cessissent
611 455 757 531 loeo,
785 458 1076 517 decimatas
1104 461 1311 519 hordeo
1337 463 1504 542 pavit.
1522 464 1885 522 Centuriones
1908 474 2013 519 sta-

310 556 454 612 tione
483 556 694 614 deserta
734 558 951 631 itidem,
982 572 1045 616 ut
1081 561 1477 640 manipulares,
1505 562 1725 642 capitali
1762 561 2007 619 animad-

306 656 553 713 versione
601 658 782 735 puniit
813 679 826 714 :
862 677 968 737 pro
1012 671 1192 716 cetero
1240 661 1564 720 delictorum
1608 683 1805 741 genere
1848 662 2013 717 variis

306 757 617 833 ignominiis
646 757 857 828 affecit3
884 769 947 814 ut
978 770 1122 815 stare
1147 779 1245 837 per
1274 772 1454 817 totum
1482 762 1624 818 diem
1646 763 1864 839 juberet
1890 773 2017 816 ante

305 857 619 933 praetorium
638 900 653 929 ,
682 855 956 913 interdum
989 858 1262 915 tunicatos
1291 859 1725 938 discinctosque,
1753 881 2013 918 nonnun-

304 976 469 1032 quam
512 976 638 1013 cum
678 955 1050 1034 decempedis,
1084 956 1162 1014 vel
1206 959 1370 1015 etiam
1409 961 1667 1038 cespitem
1711 971 2012 1038 portantes

381 1058 558 1115 XXV.
590 1057 783 1135 Neque
809 1069 935 1135 post
966 1056 1111 1115 bella
1149 1057 1329 1116 civilia
1366 1072 1464 1116 aut
1508 1060 1565 1116 in
1600 1060 1889 1131 concione,
1919 1071 2015 1115 aut

302 1179 400 1235 per
443 1157 710 1233 edictum,
758 1156 901 1215 ullos
946 1157 1182 1215 militum
1240 1160 1649 1218 commiliffones'
1679 1158 2015 1238 appellabat,

302 1258 396 1315 sed
424 1259 622 1316 milites
648 1280 666 1314 .·
701 1279 765 1316 ac
803 1280 873 1315 ne
906 1279 938 1315 a
975 1258 1101 1315 filiis
1132 1258 1384 1336 quidem,
1428 1272 1526 1316 aut
1569 1260 1836 1338 privignis
1870 1260 2015 1329 suiS,

303 1360 532 1435 imperio
563 1357 802 1435 praeditis
821 1402 837 1432 ,
872 1357 1030 1415 aliter
1054 1357 1317 1436 appellari
1338 1379 1529 1436 passus
1549 1371 1655 1431 est3
1679 1359 2016 1415 ambitiosius

302 1458 359 1514 id
386 1459 733 1530 existimans,
766 1478 933 1535 quam
960 1470 1057 1514 aut
1082 1458 1225 1515 ratio
1255 1457 1529 1530 militaris,
1561 1471 1659 1514 aut
1704 1471 2016 1536 temporum

302 1559 455 1636 quies
479 1602 494 1630 ‚
527 1572 625 1615 aut
653 1579 752 1615 sua
781 1541 1086 1635 domusque
1119 1578 1230 1615 suae
1259 1558 1514 1635 majestas
1553 1555 1871 1636 postularet.
1920 1556 2016 1614 Li-

300 1659 518 1716 bertino
553 1657 751 1732 milite,
784 1669 1151 1734 praeterquam
1193 1661 1380 1728 Romae
1418 1647 1798 1714 incendiorum
1827 1677 2015 1727 causa,

301 1771 356 1815 et
382 1760 426 1815 si
457 1756 729 1814 tumultus
758 1759 816 1814 in
843 1758 1093 1836 graviore
1126 1777 1346 1814 annona
1377 1769 1737 1831 metueretur,
1764 1756 1848 1813 bis
1880 1777 2012 1813 usus

301 1872 385 1916 est
418 1880 431 1914 z
458 1857 620 1915 semel
648 1857 719 1914 ad
745 1858 1060 1936 praesidium
1092 1857 1436 1915 coloniarum
1469 1856 1752 1936 Illyricum
1795 1857 2012 1914 contin-

304 1958 577 2039 gentium3
610 1960 812 2015 iterum
840 1957 912 2015 ad
937 1956 1169 2015 tutelam
1198 1959 1329 2036 ripae
1366 1959 1550 2016 Rheni
1582 1957 1860 2014 fluminis:
1892 1977 2012 2013 eos·

301 2082 407 2140 que
435 2082 618 2118 servos
647 2059 828 2116 adhuc
847 2061 979 2116 viris
1008 2059 1332 2137 feminisque
1354 2059 1823 2137 pecuniosioribus
1846 2058 2014 2114 indic-

300 2175 409 2236 tos,
447 2182 509 2218 ac
555 2162 670 2217 sine
713 2181 870 2217 mora
900 2161 1291 2234 manumiSSOS,
1335 2160 1436 2216 sub
1464 2161 1646 2237 priore
1685 2158 1882 2216 vexillo
1914 2159 2014 2215 ha-

297 2263 452 2333 buit,
481 2281 658 2338 neque
700 2274 796 2318 aut
835 2261 1158 2317 commixtos
1204 2280 1332 2316 cum
1367 2259 1649 2338 ingenuis,
1683 2271 1781 2315 aut
1823 2258 2013 2315 eodem

297 2363 462 2419 modo
491 2373 748 2420 armatos·
782 2364 943 2419 Dona
981 2358 1268 2434 militaria,
1313 2358 1596 2436 aliquanto
1635 2359 1845 2415 facilius
1877 2358 2013 2435 pha-

298 2463 438 2520 leras
478 2475 531 2521 et
567 2476 819 2542 torques,
862 2461 1133 2540 quidquid
1167 2481 1302 2516 auro
1343 2442 1680 2537 argentoque
1709 2470 2011 2527 constaret,

297 2585 463 2640 quam
499 2563 728 2620 vallares
759 2583 823 2618 ac
853 2559 1090 2617 murales
1125 2580 1382 2633 coronas,
1406 2580 1525 2637 quae
1551 2560 1759 2615 honore
1787 2557 2012 2636 praecel-

298 2661 502 2734 lerent,
527 2662 691 2718 dabat
723 2683 736 2717 :
769 2662 868 2718 has
899 2681 1063 2737 quam
1096 2659 1410 2737 parcissime
1427 2701 1442 2731 ,
1465 2672 1522 2716 et
1548 2660 1664 2715 sine
1692 2659 2009 2731 ambitione,

297 2784 361 2819 ac
388 2782 528 2840 saepe
555 2763 719 2818 etiam
748 2760 1021 2839 caligatiS,
1048 2759 1257 2815 tribuit.
1291 2761 1370 2815 M.
1406 2759 1708 2837 Agrippam
1735 2758 1792 2814 in
1824 2756 2011 2815 Sicilia

296 2876 421 2941 post
450 2862 698 2919 navalem
733 2863 1022 2918 victoriam
1064 2859 1296 2917 caeruleo
1338 2858 1536 2916 vexillo
1579 2858 1821 2915 donavit.
1854 2857 2008 2915 Solos

294 2962 683 3041 triumphales,
734 2981 1069 3039 quamquam
1122 2973 1177 3017 et
1225 2960 1399 3016 socios
1463 2960 1901 3035 expeditionum,
1954 2969 2009 3013 et

297 3065 586 3141 participes
621 3063 978 3119 victoriarum
1005 3081 1228 3118 suarum
1247 3103 1263 3132 ,
1288 3062 1577 3136 'nunquam
1610 3059 1766 3116 donis
1804 3060 2006 3135 imper-

296 3163 509 3219 tiendos
548 3164 787 3241 putavit3
824 3162 975 3239 quod
1015 3162 1119 3237 ipsi
1166 3180 1385 3236 quoque
1414 3160 1505 3236 jus
1552 3160 1866 3215 habuissent
1904 3158 2003 3213 tri·

296 3262 501 3319 buendi
527 3283 624 3336 ea,
657 3263 854 3340 quibus
880 3259 1100 3317 vellent.
1132 3257 1284 3317 Nihil
1331 3271 1514 3316 autem
1562 3259 1742 3315 minus
1780 3258 1835 3312 in
1874 3278 2000 3334 per-
