2372 3918
828 216 878 260 C.
916 212 1131 260 muns
1163 213 1386 260 CAESAR.
1895 213 1951 260 31

250 321 499 377 munium
534 319 959 377 obtrectatorum
998 317 1403 374 criminationes
1441 320 1741 395 purgantis.
1781 318 1961 399 Apud

250 419 443 479 milites
477 439 696 497 quoque
729 418 784 475 in
820 416 1123 496 Hispania,
1159 415 1303 472 idem
1339 419 1620 494 Augustus
1654 419 1953 475 orationem

247 540 362 577 esse
396 522 485 576 vix
515 520 683 596 ipsius
715 530 875 595 putat
908 536 921 574 t
954 535 1073 595 quae
1109 528 1288 573 tamen
1323 515 1522 593 duplex
1560 515 1735 572 fertur
1768 538 1781 572 z
1814 538 1955 586 una,

246 621 400 696 quasi
431 620 612 696 priore
640 617 826 674 habita
854 615 1073 695 proeli03
1105 616 1273 672 altera
1292 658 1308 689 ,
1332 617 1663 693 posteriore;
1693 636 1804 692 quo
1833 620 1954 674 Asi-

249 721 372 776 nius
397 717 571 776 Pollio
593 739 661 774 ne
685 728 900 794 tempus
919 716 1141 793 quidem
1164 715 1526 773 concionandi
1556 715 1808 773 habuisse
1832 737 1957 773 eum

246 819 406 892 dicit,
441 819 621 876 subita
651 818 889 875 hostium
924 818 1247 873 incursione.

324 921 465 975 LVI.
512 916 754 995 Reliquit
783 929 837 973 et
863 937 1048 991 rerum
1077 937 1299 973 suarum
1326 918 1792 990 Commentarios»,
1823 917 1958 974 Gal-

216 1017 358 1096 =lici,
383 1017 681 1094 Civilisque
710 1016 836 1073 belli
865 1016 1198 1094 Pompeiani.
1227 1019 1367 1073 Nam
1398 1016 1785 1090 Alexandrini,
1814 1017 1958 1074 Afri·

243 1119 399 1194 cique
438 1130 493 1174 et
537 1118 936 1195 Hispaniensis,
983 1119 1218 1174 incertus
1273 1130 1466 1174 auctor
1513 1129 1609 1174 est.
1663 1117 1769 1175 Alii
1813 1120 1957 1174 enim

244 1218 488 1294 Oppium
523 1229 751 1294 putant,
795 1217 885 1273 alii
924 1219 1166 1274 Hirtium
1207 1239 1219 1273 ε
1257 1219 1351 1294 qui
1387 1219 1551 1273 etiam
1592 1215 1787 1276 Gallici
1833 1217 1959 1274 belli

244 1318 600 1374 novissimum
665 1317 1148 1395 imperfectumque
1203 1317 1406 1374 librum
1469 1317 1819 1396 suppleverit.
1876 1322 1960 1374 De

245 1418 661 1473 Commentariis
690 1420 917 1474 Caesaris
948 1420 1140 1474 Cicero
1167 1421 1223 1474 in
1255 1419 1447 1474 eodem
1477 1417 1618 1475 libro
1647 1420 1722 1474 sic
1747 1419 1910 1474 refert
1942 1439 1956 1474 ε

243 1540 270 1567 «
289 1518 721 1574 Commentarios
758 1518 993 1595 scripsit,
1022 1517 1179 1574 valde
1203 1517 1424 1594 quidem
1452 1517 1764 1595 probandos
1787 1540 1800 1574 :
1825 1519 1960 1574 nudi

244 1627 403 1684 sunt,
429 1617 593 1687 recti,
624 1630 679 1671 et
705 1617 945 1688 venusti,
976 1617 1125 1672 omni
1156 1627 1355 1672 ornatu
1385 1618 1671 1689 orationis,
1701 1629 1959 1694 tanquam

241 1727 390 1772 veste
423 1716 663 1772 detracta
696 1738 708 1772 τ
735 1717 829 1772 sed
858 1716 988 1772 dum
1016 1716 1190 1773 voluit
1215 1716 1348 1774 alios
1371 1717 1572 1774 habere
1598 1730 1788 1795 parata
1813 1718 1959 1774 unde

241 1828 552 1890 sumerent,
593 1817 688 1894 qui
728 1815 930 1873 vellent
975 1819 1209 1874 scribere
1248 1818 1562 1889 historiam,
1597 1818 1792 1896 ineptis
1834 1839 1958 1896 gra-

241 1928 360 1972 tum
398 1917 622 1974 fortasse
657 1917 814 1991 fecit,
858 1918 953 1995 qui
991 1917 1082 1975 illa
1120 1917 1307 1974 volent
1347 1917 1667 1974 calamistris
1707 1920 1924 1975 inurere
1943 1963 1960 1989 ‚

241 2037 400 2074 sanos
427 2017 647 2095 quidem
670 2019 917 2075 homines
940 2039 973 2074 a
994 2018 1282 2075 scribendo
1307 2017 1589 2075 deterruit.
1607 2043 1635 2071 >2
1660 2021 1745 2076 De
1768 2019 1958 2076 iisdem

241 2118 657 2175 Commentariis
694 2120 904 2175 Hirtius
947 2119 1023 2175 ita
1076 2119 1334 2197 praedicat
1365 2142 1378 2176 z
1411 2120 1607 2178 «Adeo
1654 2120 1962 2199 probantur

241 2218 488 2273 omnium
527 2218 764 2294 judici0,
809 2230 871 2275 ut
918 2230 1217 2298 praerepta,
1264 2242 1376 2278 non
1428 2222 1688 2298 praebita,
1733 2219 1960 2277 facultas

165 2385 168 2389 .
242 2318 599 2394 scriptoribus
641 2319 908 2375 videatur.
956 2320 1129 2397 Cujus
1174 2332 1356 2376 tamen
1398 2322 1477 2377 rei
1522 2322 1698 2398 major
1739 2333 1958 2391 nostra,

240 2436 404 2492 quam
429 2416 767 2494 reliquorum
791 2432 872 2475 est
895 2419 1199 2476 admiratio.
1226 2422 1409 2476 Ceteri
1439 2422 1611 2493 enim,
1635 2440 1799 2497 quam
1824 2419 1962 2476 bene

242 2528 405 2594 atque
434 2518 747 2591 emendate,
779 2521 1107 2592 nos-etiam,
1141 2540 1306 2596 quam
1339 2519 1494 2576 facile
1522 2529 1686 2596 atque
1717 2518 1962 2576 celeriter

244 2637 336 2672 eos
375 2618 786 2695 perscripserit,
823 2620 1087 2676 scimus»
1124 2618 1299 2677 Pollio
1339 2620 1563 2676 Asinius
1601 2640 1798 2697 parum
1837 2618 1961 2675 dili-

242 2728 464 2793 genter,
508 2737 813 2793 parumque
867 2720 1077 2797 integra
1121 2722 1348 2777 veritate
1394 2721 1724 2798 compositos
1768 2732 1961 2798 putat,

239 2834 416 2893 *quum
432 2818 612 2873 Caesar
632 2814 889 2893 pleraque
903 2830 957 2873 et
974 2838 1093 2894 quae
1115 2839 1211 2895 per
1226 2818 1359 2876 alios
1383 2833 1539 2876 erant
1561 2831 1709 2897 gesta
1722 2864 1737 2893 ,
1757 2831 1961 2876 temere

242 2913 560 2985 crediderit,
594 2925 647 2971 et
678 2936 798 2992 quae
829 2935 926 2993 per
969 2937 1052 2987 se,
1085 2915 1169 2972 vel
1208 2917 1488 2984 consulto,
1521 2917 1603 2975 vel
1649 2921 1810 2976 etiam
1848 2941 1961 2975 me-

243 3014 416 3070 moria
453 3012 664 3092 lapsuS,
698 3036 983 3092 perperam
1015 3015 1277 3088 ediderit,
1310 3019 1689 3095 existimatque
1727 3020 1960 3095 rescrip-

228 3115 432 3170 ¹'turum
461 3126 516 3170 et
554 3126 928 3171 correcturum
958 3115 1137 3172 fuisse.
1176 3116 1417 3194 Reliquit
1456 3128 1510 3173 et
1549 3120 1635 3174 De
1673 3117 1957 3195 Analogia

247 3212 412 3270 libros
436 3213 599 3287 du08‚
625 3225 677 3270 et
702 3215 1067 3274 Anticatones
1091 3215 1319 3273 totidem
1334 3259 1348 3288 ,
1373 3237 1435 3273 ac
1459 3228 1717 3294 praeterea
1741 3237 1959 3295 poema,
