2372 3918
282 231 307 279 l,
947 223 997 269 C.
1034 224 1326 270 SUETONII

285 330 452 385 struis
482 328 741 406 deinceps
777 327 1270 407 supplicationibus
1298 340 1351 383 et
1386 326 1674 404 pervigilio
1703 327 2013 384 anniversa-

280 431 364 485 rio
390 428 575 485 coluit.
602 430 956 506 Quamquam
979 441 1136 485 aetate
1164 428 1409 486 nondum
1441 430 1745 499 constanti,
1770 440 2010 484 veterem

280 531 516 587 civitatis
552 529 937 607 exoletumque
974 550 1217 597 morem,
1255 550 1318 585 ac
1354 541 1570 585 tantum
1609 529 1666 583 in
1709 528 1874 584 domo
1915 550 2013 584 sua

278 631 613 703 haerentem,
653 631 1079 688 obstinatissime
1124 631 1378 703 retinuit,
1423 642 1485 685 ut
1534 627 1717 685 liberti
1764 630 2015 706 servique

280 733 364 789 bis
407 732 494 789 die
535 733 846 809 frequentes
891 731 1177 803 adessent,
1215 751 1279 786 ac
1319 751 1479 786 mane
1521 728 1759 801 salvere,
1800 731 2014 807 vesperi

278 833 461 890 valere
490 835 592 891 sibi
627 833 828 912 singuli
859 832 1120 889 dicerent.

358 938 427 991 V.
460 938 614 991 Inter
642 933 891 991 liberales
920 932 1236 1011 disciplinas
1265 934 1498 990 attendit
1528 946 1582 990 et
1605 934 1736 1010 juri.
1760 933 1930 990 Dedit
1959 946 2016 990 et

279 1036 632 1092 matrimonio
655 1056 877 1112 operam
899 1055 910 1089 ε
931 1055 1157 1100 verum«,
1183 1035 1378 1090 amissa
1406 1055 1577 1090 uxore
1599 1034 1812 1112 Lepida
1829 1077 1843 1105 ,
1873 1034 2012 1090 duo-

278 1135 491 1212 busque
529 1157 593 1191 ex
626 1157 687 1192 ea
722 1134 848 1192 filiis
869 1179 883 1203 ‚
915 1135 1263 1191 remansit.in
1291 1132 1571 1204 caelibatu,
1602 1155 1781 1211 neque
1810 1133 2013 1190 sollici-

277 1237 384 1291 tari
420 1234 532 1291 ulla
564 1235 882 1291 conditione
917 1234 1154 1312 amplius
1185 1235 1366 1311 potuit
1386 1278 1401 1303 ,
1431 1255 1500 1289 ne
1534 1235 1851 1312 Agrippinae
1892 1236 2014 1311 qui-

278 1334 404 1390 dem
424 1379 438 1406 ,
485 1336 721 1391 viduatae
774 1348 950 1391 morte
993 1336 1260 1406 Domitii,
1310 1356 1428 1411 quae
1482 1336 1743 1390 maritum
1793 1356 2014 1412 quoque

277 1435 460 1496 adhuc
490 1435 725 1492 necdum
760 1434 1004 1491 caelibem
1026 1478 1040 1507 ,
1075 1434 1313 1491 Galbam
1349 1435 1487 1489 adeo
1521 1427 1778 1491 omnibus
1815 1434 2017 1492 sollici-

278 1548 489 1592 taverat
538 1536 750 1607 modiS,
798 1549 860 1591 ut
902 1536 957 1591 in
999 1547 1276 1591 conventu
1321 1547 1706 1592 matronarum
1758 1550 2014 1614 correpta

270 1636 485 1714 jurgiO,
518 1650 683 1714 atque
718 1639 883 1693 etiam
921 1657 1088 1692 manu
1123 1635 1334 1713 pulsata
1377 1637 1447 1692 sit
1490 1657 1521 1691 a
1560 1649 1735 1693 matre
1771 1637 2012 1715 Lepidae.

277 1736 606 1794 Observavit
631 1750 759 1793 ante
786 1759 975 1794 omnes
1005 1738 1222 1794 Liviam
1253 1739 1559 1814 Augustam
1583 1759 1596 1792 ε
1622 1738 1781 1814 cujus
1802 1751 1857 1794 et
1877 1739 2016 1795 vivae

278 1839 454 1915 gratia
481 1837 786 1916 plurimum
810 1838 1011 1910 valuit,
1044 1844 1099 1894 et
1130 1851 1360 1894 mortuae
1388 1850 1716 1894 testamento
1747 1860 1901 1916 paene
1930 1839 2014 1895 di-

278 1950 426 1994 tatus
459 1951 541 1994 est
575 1960 587 1993 :
625 1940 937 1994 sestertium
974 1960 1212 2015 namque
1247 1939 1595 2015 quingenties
1629 1960 1800 2016 quum
1828 1943 2041 2018 prasci-¹

277 2059 453 2115 puum
490 2040 634 2095 inter
664 2038 958 2116 legatarios
985 2039 1295 2110 habuisset,
1327 2040 1456 2115 quia
1488 2051 1677 2095 notata
1696 2083 1711 2109 ,
1747 2061 1860 2096 non
1891 2063 2013 2117 per-

277 2139 481 2216 scripta
498 2150 872 2209 erat'summa,
891 2139 1093 2195 herede
1115 2140 1337 2194 Tiberio
1360 2138 1602 2216 legatum
1622 2140 1687 2195 ad
1710 2142 2015 2219 quingenta

276 2252 568 2296 revocante
589 2282 604 2312 ,
633 2260 703 2295 ne
731 2240 846 2294 haec
881 2239 1103 2316 quidem
1129 2241 1354 2316 accepit.

358 2339 454 2395 VI.
492 2340 815 2419 Honori-bus
845 2353 973 2395 ante
1004 2339 1311 2417 legitimum
1345 2353 1565 2418 tempus
1596 2343 1745 2398 initis
1765 2387 1780 2411 ‚
1811 2356 2015 2420 praetor

277 2440 662 2495 commissione
692 2438 950 2520 ludorum
976 2439 1307 2508 Floralium,
1344 2461 1552 2495 novum
1583 2441 1881 2518 spectaculi
1918 2465 2011 2521 ge-

278 2559 407 2608 nuS,
455 2537 775 2616 elephantos
810 2539 1176 2620 'funambulos
1203 2581 1218 2610 ,
1267 2539 1480 2618 *edidit3
1531 2542 1657 2596 exin
1718 2544 2014 2621 provinciae

277 2640 592 2716 Aquitaniae
622 2661 770 2695 anno
797 2640 910 2695 fere
942 2639 1161 2717 praefuit
1194 2662 1205 2695 ε
1235 2661 1359 2696 mox
1396 2641 1745 2699 consulatum
1790 2665 1888 2722 per
1919 2666 2013 2701 sex

278 2760 491 2795 menses
519 2739 866 2796 ordinarium
892 2742 1058 2819 gessit
1093 2763 1105 2796 :
1136 2743 1459 2818 evenitque,
1492 2755 1553 2798 ut
1578 2744 1642 2808 inv
1664 2765 1729 2800 eo
1761 2746 1876 2821 ipse
1908 2748 2010 2802 Cn.

277 2842 528 2898 Domitio
548 2885 563 2914 ,
593 2842 739 2919 patri
765 2843 1035 2915 Neronis,
1064 2844 1170 2920 ipsi
1201 2843 1416 2900 Salvius
1449 2845 1623 2918 Otho,
1653 2859 1811 2923 pater
1842 2849 2012 2903 Otho-

277 2943 392 3013 nis,
425 2941 763 3014 succederet,
786 2942 938 3021 velut
964 2941 1288 3021 praesagium
1325 2946 1660 3022 insequentis
1682 2968 1836 3002 casus
1855 2990 1870 3019 ,
1901 2968 2010 3023 quo

277 3041 489 3099 medius
522 3043 665 3100 inter
697 3045 985 3121 utriusque
1024 3043 1166 3100 filios
1197 3045 1407 3101 exstitit
1432 3027 1763 3123 imperator.
1796 3050 1843 3104 A
1875 3049 2010 3103 Caio

278 3145 492 3217 Caesare
519 3143 792 3202 Gaetulico
815 3147 1143 3202 substitutus
1160 3189 1174 3218 ,
1199 3146 1466 3222 postridie
1487 3168 1650 3224 quam
1675 3148 1742 3203 ad
1766 3148 2008 3226 legiones

276 3245 427 3298 venit
447 3287 461 3313 ,
505 3244 752 3302 sollemni
804 3247 944 3302 forte
993 3245 1301 3323 spectaculo
1356 3245 1682 3324 plaudentes
1734 3248 2006 3320 inhibuit,
