2372 3918
947 241 1248 287 TIBERIUS.
1881 258 1901 286 ι
1911 239 1969 287 25

253 342 469 416 deinde,
495 349 526 403 J
531 344 697 402 uliam
722 364 945 403 uxorem
970 345 1040 400 ob
1065 343 1315 401 libidines
1340 356 1505 421 atque
1528 344 1797 402 adulteria
1820 346 1972 403 dam-

254 458 463 519 natam,
514 446 915 526 repudiumque
965 446 1013 503 ei
1069 466 1169 502 suo
1224 446 1445 502 nomine
1463 488 1479 518 ,
1527 466 1593 503 ex
1646 448 1977 504 auctoritate

253 549 519 625 Augusti,
548 547 870 610 remissum:
894 558 949 602 et
978 566 1309 623 quamquam
1343 546 1496 603 laetus
1523 547 1728 602 nuncio
1746 589 1761 618 ,
1794 559 1974 603 tamen

253 647 416 704 officii
444 647 634 719 duxit,
665 658 937 724 quantum
969 647 1026 703 in
1062 667 1118 704 se
1151 658 1315 720 esset,
1349 665 1576 703 exorare
1610 644 1735 702 filiae
1761 657 1975 723 patrem

254 747 626 825 frequentibus
668 745 868 820 literis,
907 759 962 804 et
1002 746 1087 804 vel
1126 759 1407 825 utcunque
1444 747 1685 817 meritae,
1718 747 1980 823 quicquid

253 870 494 927 unquam
522 848 668 906 dono
696 848 933 905 dedisset
950 892 967 922 ,
998 848 1314 905 concedere.
1341 851 1641 905 Transacto
1672 859 1857 904 autem
1887 846 1982 903 tri-

253 950 484 1007 buniciae
504 950 788 1027 potestatis
803 961 1049 1028 tempore
1062 992 1077 1021 ,
1101 949 1378 1006 confessus
1404 948 1624 1005 tandem
1637 991 1652 1020 ,
1673 945 1812 1004 nihil
1830 946 1980 1005 aliud

253 1071 462 1108 secessu
487 1050 754 1108 devitasse
780 1072 863 1123 se,
888 1071 1057 1129 quam
1082 1049 1446 1107 {emulationis
1470 1070 1597 1107 cum
1619 1051 1755 1107 Caio
1781 1050 1981 1106 Lucio-

256 1173 364 1229 que
387 1153 776 1231 suspicionem,
799 1152 990 1231 petiit,
1011 1163 1079 1211 ut
1098 1151 1203 1209 sibi
1225 1171 1417 1209 securo
1435 1151 1549 1229 jam
1578 1151 1648 1207 ab
1675 1151 1778 1208 hac
1802 1161 1985 1229 parte,

257 1254 626 1312 corroboratis
660 1255 780 1328 his,
811 1266 866 1312 et
899 1253 1200 1311 secundum
1233 1252 1420 1311 locum
1451 1251 1612 1310 facile
1649 1252 1983 1324 tutantibuS‚

258 1356 670 1432 permitteretur
699 1355 936 1412 revisere
961 1353 1421 1427 necessitudines,
1451 1373 1689 1431 quarum
1714 1351 1985 1410 desiderio

259 1467 554 1512 teneretur.
589 1454 695 1512 Sed
721 1475 902 1534 neque
928 1457 1242 1533 impetravit
1267 1475 1280 1510 ε
1315 1454 1575 1531 ultroque
1600 1455 1767 1511 etiam
1797 1453 1987 1510 admo-

259 1556 408 1612 nitus
449 1568 558 1629 est,
599 1555 901 1613 dimitteret
935 1576 1156 1612 omnem
1197 1575 1386 1611 curam
1420 1575 1674 1628 suorum,
1704 1575 1842 1632 quos
1875 1566 1985 1610 tam

257 1656 458 1734 cupide
490 1656 814 1734 reliquisset.

334 1759 459 1814 XII.
505 1758 788 1814 Remansit
834 1778 966 1835 ergo
1003 1757 1188 1814 Rhodi
1230 1768 1423 1814 contra
1471 1752 1849 1825 voluntatem,
1895 1754 1987 1810 vix

258 1879 355 1938 per
389 1870 622 1916 matrem
653 1871 1015 1932 consecutuS,
1053 1870 1116 1914 ut
1155 1858 1224 1914 ad
1265 1856 1553 1938 velandam
1589 1856 1947 1934 ignominiam
1972 1898 1987 1926 ,

257 1961 411 2037 quasi
443 1958 655 2039 legatus
686 1961 756 2018 ab
796 1962 1081 2038 Augusto,
1111 1960 1340 2016 abesset.
1376 1960 1675 2016 Enimvero
1713 1970 1845 2014 tunc
1876 1978 1989 2012 non

259 2062 537 2139 privatum
566 2059 763 2134 modo,
795 2061 892 2118 sed
919 2062 1086 2117 etiam
1115 2060 1418 2117 obnoxium
1452 2072 1507 2115 et
1536 2058 1817 2135 trepidum
1849 2057 1989 2135 egit,

259 2161 671 2224 mediterraneis
715 2162 859 2239 agris
900 2161 1151 2235 abdituS,
1196 2161 1483 2237 vitansque
1523 2159 1990 2237 praeternavigan-

261 2263 399 2318 tium
446 2261 625 2318 officia
644 2306 660 2335 ,
713 2262 913 2338 quibus
964 2261 1420 2339 frequentabatur
1467 2259 1716 2332 assidue,
1769 2258 1991 2314 nemine

260 2383 385 2419 curn
427 2363 658 2439 imperio
697 2374 793 2418 aut
838 2362 1162 2440 magistratu
1209 2361 1465 2418 tendente
1506 2380 1813 2437 quoquam,
1855 2359 1990 2436 quin

262 2462 566 2519 deverteret
591 2461 868 2519 Rhodum.
899 2464 972 2518 Et
998 2474 1344 2519 accesserunt
1361 2461 1583 2538 majoris
1606 2458 1993 2516 sollicitudinis

263 2584 456 2620 causae.
491 2564 749 2639 Namque
777 2563 1096 2640 privignum
1116 2563 1340 2633 Caium,
1367 2562 1583 2620 Orienti
1610 2562 1992 2638 praepositum,

267 2683 438 2740 quum
469 2661 679 2718 visendi
716 2664 892 2739 gratia
926 2663 1226 2740 trajecisset
1255 2665 1511 2733 Samum,
1542 2661 1858 2719 alieniorem
1891 2661 1994 2717 sibi

267 2763 436 2819 sensit
471 2783 533 2817 ex
568 2762 1045 2818 criminationibus
1084 2764 1164 2819 M.
1203 2762 1398 2836 Lollii,
1434 2764 1650 2820 comitis
1683 2775 1738 2819 et
1770 2763 1996 2819 rectoris

269 2864 402 2940 ejus.
427 2863 597 2920 Venit
628 2862 792 2918 etiam
823 2862 879 2917 in
904 2862 1295 2939 suspicionem,
1325 2883 1425 2940 per
1451 2862 1718 2940 quosdam
1749 2861 1997 2918 beneficii
2041 2877 2043 2882 ·

268 2963 352 3019 sui
385 2962 756 3034 centuriones,
785 2982 818 3018 a
852 2974 1159 3018 commeatu
1182 2974 1359 3019 castra
1383 2975 1715 3040 repetenteS,
1740 2962 1996 3019 mandata

270 3062 339 3119 ad
373 3061 682 3139 complures
717 3061 927 3118 dedisse
953 3062 1210 3140 ambigua
1228 3106 1243 3134 ,
1281 3075 1335 3119 et
1362 3083 1483 3139 quae
1514 3075 1727 3119 tentare
1753 3061 1997 3140 singulo·

271 3183 396 3218 rum
426 3162 638 3218 animos
668 3161 738 3218 ad
763 3182 933 3218 novas
963 3183 1049 3219 res
1080 3162 1412 3219 viderentur.
1445 3165 1531 3219 De
1558 3183 1666 3239 qua
1690 3161 1997 3240 suspicione

276 3262 475 3319 certior
502 3263 571 3318 ab
605 3265 855 3340 Augusto
886 3262 1091 3336 factus,
1137 3284 1248 3319 non
1288 3264 1516 3318 cessavit
1561 3262 1860 3339 efflagitare
1898 3261 1997 3319 ali-
