2372 3918
343 282 400 323 72
864 306 865 310 ,
1009 240 1381 311 c.sUETONH

342 368 444 423 nisi
476 367 706 425 confessi
747 368 1058 425 afficiuntur
1107 370 1210 425 hac
1244 390 1428 446 poena,
1480 370 1552 423 ita
1595 367 1767 423 fertur
1815 368 2042 423 interro-

342 488 493 545 gasse
529 471 765 526 :«Certe
801 481 1012 546 patrem
1051 481 1209 524 tuum
1249 490 1358 525 non
1405 467 1725 524 occidisti?»
1755 470 1826 523 Et
1870 487 2042 543 quum

343 566 410 622 de
437 565 571 624 falso
603 580 926 624 testamento
959 579 1236 645 ageretur,
1266 588 1563 644 omnesque
1595 569 1894 644 signatores
1927 566 2045 645 lege

341 666 594 730 Cornelia
636 679 978 738 tenerentur,
1011 687 1122 723 non
1156 678 1370 722 tantum
1419 667 1554 724 duas
1594 666 1848 738 tabellas,
1888 667 2041 723 dam-

344 769 607 831 natoriam
628 779 700 828 ‚et
726 765 1170 847 ,absolutoriam,.
1196 764 1355 823 simul
1387 769 1835 843 cognoscentibus
1870 767 2047 838 dedit3

342 866 431 922 sed
469 867 680 922 tertiam
716 887 965 944 quoque,
995 887 1104 943 qua
1138 867 1512 944 ignosceretur
1546 867 1640 939 iis,
1675 889 1811 944 quos
1854 868 2046 923 fraude

341 964 406 1020 ad
441 966 768 1043 signandum
796 966 881 1023 vel
914 987 1098 1024 errore
1136 966 1385 1023 inductos
1416 968 1757 1023 constitisset.
1793 967 2047 1044 Appella-

341 1066 515 1125 tiones
552 1067 845 1143 quotannis
894 1067 1230 1123 urbanorum
1272 1067 1494 1144 quidem
1536 1066 1873 1145 litigatorum
1905 1089 2045 1145 prae-

341 1164 485 1221 fecto
531 1164 797 1244 delegavit
844 1166 1038 1238 Urbis3
1088 1179 1146 1224 at
1198 1166 1614 1245 provincialium
1670 1166 2045 1223 consularibus

341 1265 496 1335 viriS,
529 1287 665 1342 quos
694 1264 935 1343 singulos
969 1267 1234 1344 cujusque
1263 1267 1556 1345 provinciae
1575 1267 1805 1343 negotiis
1828 1287 2043 1344 praepo-

343 1364 549 1420 suisset.

417 1465 677 1523 XXXIV.
723 1467 896 1543 Leges
939 1457 1286 1537 retractavit,
1325 1479 1379 1523 et
1425 1466 1690 1543 quasdam
1721 1488 1786 1524 ex
1831 1468 2047 1544 integro

341 1564 515 1619 sanxit
531 1606 549 1635 ,
572 1576 634 1620 ut
653 1567 1075 1642 sumptuariam,
1104 1566 1171 1621 de
1194 1565 1479 1621 adulteriis
1502 1579 1556 1622 et
1578 1565 1645 1622 de
1672 1566 1954 1643 pudicitia,
1976 1567 2044 1624 de

339 1663 576 1734 ambitu,
611 1665 681 1722 de
704 1664 1020 1720 maritandis
1047 1664 1346 1721 ordinibus
1381 1669 1536 1721 Hanc
1562 1687 1734 1743 quum
1765 1666 2047 1743 aliquanto

340 1763 576 1818 severius
606 1784 771 1840 quam
809 1776 1014 1820 ceteras
1056 1763 1418 1836 emendasset,
1441 1786 1568 1841 prae
1607 1765 1849 1823 tumultu
1885 1784 2051 1823 recu-·

340 1863 576 1918 santium
608 1863 846 1939 perferre
872 1884 984 1928 non
1013 1865 1220 1940 potuit,
1249 1864 1353 1920 nisi
1385 1863 1640 1941 adempta
1672 1865 1892 1921 demum
1918 1866 2048 1922 leni-

343 1972 459 2017 tave
474 1959 628 2038 parte
657 1982 961 2038 poenarum,
985 1976 1040 2018 et
1055 1964 1335 2019 vacatione
1350 1964 1574 2019 triennii
1591 1964 1715 2020 data
1726 2008 1742 2038 ,
1760 1967 2046 2042 auctisque

338 2062 589 2138 praemiis.
609 2063 696 2117 Sic
717 2082 936 2138 quoque
964 2061 1318 2121 abolitionem
1348 2064 1464 2140 ejus
1492 2063 1712 2140 publico
1733 2065 2046 2141 spectaculo

337 2144 687 2239 pertinaciter
715 2161 1028 2238 postulante
1069 2164 1285 2239 equite,
1321 2164 1524 2219 accitos
1564 2166 1881 2222 Germanici
1912 2164 2048 2222 libe-

336 2282 453 2334 roS,
483 2274 835 2339 receptosque
861 2264 1061 2340 partim
1079 2263 1149 2318 ad
1172 2284 1253 2333 se,
1269 2264 1472 2340 partim
1489 2265 1544 2318 in
1565 2265 1734 2341 patris
1755 2265 2043 2341 gremium,

337 2363 655 2434 ostentavit3
688 2383 855 2418 manu
900 2361 1165 2439 vultuque
1208 2362 1547 2439 significans,
1579 2384 1649 2419 ne
1683 2376 2043 2440 gravarentur
2092 2431 2094 2433 Ι

335 2462 536 2517 imitari
552 2462 766 2538 juvenis
795 2461 1116 2538 exemplum.
1137 2463 1437 2537 Quumque
1459 2462 1622 2517 etiam
1651 2463 2042 2520 immaturitate

336 2581 657 2637 sponsarum
676 2603 690 2632 ,
727 2574 782 2616 et
821 2561 1297 2616 matrimoniorum
1330 2561 1520 2616 crebra
1553 2562 1857 2617 mutatione
1875 2603 1890 2634 ,
1928 2564 2041 2619 vim

335 2660 466 2738 legis
494 2661 639 2717 eludi
662 2663 913 2732 sentiret,
946 2673 1163 2738 tempus
1191 2681 1416 2738 sponsas
1437 2661 1675 2718 habendi
1711 2666 2043 2736 coarctavit,

337 2759 581 2820 divortiis
615 2759 841 2816 modum
857 2761 1133 2836 imposuit.

412 2863 640 2918 XXXV.
682 2862 1006 2916 Senatorum
1038 2860 1355 2918 affluentem
1386 2883 1681 2919 numerum
1722 2863 1951 2921 deformi
1988 2876 2042 2919 et

335 2959 616 3015 incondita
646 2960 809 3015 turba
833 2959 1023 3038 (erant
1050 2962 1197 3016 enim
1224 2983 1389 3038 super
1423 2961 1598 3035 mille,
1628 2976 1684 3018 et
1712 2963 1933 3040 quidam
1957 2964 2040 3018 in-

335 3060 665 3137 dignissimi,
701 3071 755 3115 et
786 3072 909 3136 post
941 3081 1134 3116 necem
1159 3060 1384 3117 Caesaris
1415 3082 1513 3137 per
1553 3063 1784 3138 gratiam
1812 3074 1866 3117 et
1899 3083 2040 3138 prae-

336 3161 507 3214 mium
535 3158 738 3232 allecti,
763 3180 898 3235 quos
928 3160 1162 3215 Orcinos
1190 3157 1387 3235 vulgus
1415 3160 1690 3237 vocabat),
1720 3159 1787 3215 ad
1815 3161 2038 3216 modum

341 3258 629 3328 pristinum
680 3269 733 3313 et
778 3255 1123 3332 splendorem
1169 3258 1374 3333 redegit
1422 3259 1630 3315 duabus
1677 3258 1998 3316 lectionibus
2024 3284 2035 3316 :

2365 3760 2367 3762 .
2354 3405 2372 3749 «ἂεῇᾏννιᾲῗᾳ-ὧηπ-
2355 3399 2369 3435 ··„

2349 3811 2365 3918 ’‘v‘'e‘ws·
2354 3781 2355 3786 Α
