<?xml version="1.0" encoding="UTF-8"?>
<!DOCTYPE html PUBLIC "-//W3C//DTD XHTML 1.0 Transitional//EN"
    "http://www.w3.org/TR/xhtml1/DTD/xhtml1-transitional.dtd">
<html xmlns="http://www.w3.org/1999/xhtml" xml:lang="en" lang="en">
 <head>
  <title>
</title>
<meta http-equiv="Content-Type" content="text/html;charset=utf-8" />
  <meta name='ocr-system' content='tesseract 3.04.00' />
  <meta name='ocr-capabilities' content='ocr_page ocr_carea ocr_par ocr_line ocrx_word'/>
</head>
<body>
  <div class='ocr_page' id='page_1' title='image "./operasuet00suetuoft_0215.png"; bbox 0 0 2372 3918; ppageno 0'>
   <div class='ocr_carea' id='block_1_1' title="bbox 903 329 1915 391">
    <p class='ocr_par' dir='ltr' id='par_1_1' title="bbox 903 329 1915 391">
     <span class='ocr_line' id='line_1_1' title="bbox 903 329 1915 391; baseline 0.002 -15"><span class='ocrx_word' id='word_1_1' title='bbox 903 329 1231 376; x_wconf 77' lang='lat' dir='ltr'>CALIGULA.</span> <span class='ocrx_word' id='word_1_2' title='bbox 1830 347 1847 378; x_wconf 84' lang='grc' dir='ltr'><strong>ι</strong></span> <span class='ocrx_word' id='word_1_3' title='bbox 1858 332 1915 391; x_wconf 88' lang='lat'><strong>87</strong></span> 
     </span>
    </p>
   </div>
   <div class='ocr_carea' id='block_1_2' title="bbox 179 431 1937 3413">
    <p class='ocr_par' dir='ltr' id='par_1_2' title="bbox 216 431 1925 1399">
     <span class='ocr_line' id='line_1_2' title="bbox 221 431 1919 520; baseline -0.002 -19"><span class='ocrx_word' id='word_1_4' title='bbox 221 445 378 501; x_wconf 86' lang='lat' dir='ltr'><strong>beros</strong></span> <span class='ocrx_word' id='word_1_5' title='bbox 398 484 414 516; x_wconf 90' lang='lat'><strong>,</strong></span> <span class='ocrx_word' id='word_1_6' title='bbox 456 439 638 520; x_wconf 87' lang='lat' dir='ltr'><strong>palam</strong></span> <span class='ocrx_word' id='word_1_7' title='bbox 678 438 830 494; x_wconf 85' lang='lat' dir='ltr'><strong>heres</strong></span> <span class='ocrx_word' id='word_1_8' title='bbox 873 445 1314 512; x_wconf 82' lang='lat' dir='ltr'><strong>nuncuparetur,</strong></span> <span class='ocrx_word' id='word_1_9' title='bbox 1353 431 1616 492; x_wconf 82' lang='lat' dir='ltr'>derisores</span> <span class='ocrx_word' id='word_1_10' title='bbox 1652 438 1884 497; x_wconf 89' lang='lat' dir='ltr'><strong>vocabat</strong></span> <span class='ocrx_word' id='word_1_11' title='bbox 1901 482 1919 513; x_wconf 90' lang='lat'><strong>,</strong></span> 
     </span>
     <span class='ocr_line' id='line_1_3' title="bbox 216 536 1921 623; baseline -0.002 -21"><span class='ocrx_word' id='word_1_12' title='bbox 216 544 366 623; x_wconf 86' lang='lat' dir='ltr'><strong>quod</strong></span> <span class='ocrx_word' id='word_1_13' title='bbox 427 554 552 622; x_wconf 92' lang='lat' dir='ltr'><strong>post</strong></span> <span class='ocrx_word' id='word_1_14' title='bbox 608 536 1072 618; x_wconf 84' lang='lat' dir='ltr'><strong>nuncupationem</strong></span> <span class='ocrx_word' id='word_1_15' title='bbox 1127 537 1310 593; x_wconf 80' lang='lat' dir='ltr'><strong>vivere</strong></span> <span class='ocrx_word' id='word_1_16' title='bbox 1366 552 1773 614; x_wconf 83' lang='lat' dir='ltr'><strong>perseverarent</strong></span> <span class='ocrx_word' id='word_1_17' title='bbox 1793 584 1809 614; x_wconf 92' lang='lat'><strong>,</strong></span> <span class='ocrx_word' id='word_1_18' title='bbox 1865 554 1921 598; x_wconf 90' lang='lat' dir='ltr'><strong>et</strong></span> 
     </span>
     <span class='ocr_line' id='line_1_4' title="bbox 218 635 1919 717; baseline -0.004 -15"><span class='ocrx_word' id='word_1_19' title='bbox 218 643 406 702; x_wconf 88' lang='lat' dir='ltr'><strong>multis</strong></span> <span class='ocrx_word' id='word_1_20' title='bbox 433 651 724 700; x_wconf 87' lang='lat' dir='ltr'><strong>venenatas</strong></span> <span class='ocrx_word' id='word_1_21' title='bbox 753 646 988 695; x_wconf 89' lang='lat' dir='ltr'><strong>macteas</strong></span> <span class='ocrx_word' id='word_1_22' title='bbox 1021 636 1186 693; x_wconf 86' lang='lat' dir='ltr'><strong>misit.</strong></span> <span class='ocrx_word' id='word_1_23' title='bbox 1222 635 1599 717; x_wconf 75' lang='lat' dir='ltr'><strong>cognoscebat</strong></span> <span class='ocrx_word' id='word_1_24' title='bbox 1630 649 1812 696; x_wconf 87' lang='lat' dir='ltr'><strong>autem</strong></span> <span class='ocrx_word' id='word_1_25' title='bbox 1851 640 1919 696; x_wconf 88' lang='lat' dir='ltr'><strong>de</strong></span> 
     </span>
     <span class='ocr_line' id='line_1_5' title="bbox 219 735 1921 815; baseline -0.004 -13"><span class='ocrx_word' id='word_1_26' title='bbox 219 744 417 802; x_wconf 88' lang='lat' dir='ltr'><strong>talibus</strong></span> <span class='ocrx_word' id='word_1_27' title='bbox 458 741 669 811; x_wconf 75' lang='lat' dir='ltr'><strong>causiS,</strong></span> <span class='ocrx_word' id='word_1_28' title='bbox 713 749 894 795; x_wconf 83' lang='lat' dir='ltr'><strong>taxato</strong></span> <span class='ocrx_word' id='word_1_29' title='bbox 937 736 1091 815; x_wconf 88' lang='lat' dir='ltr'><strong>prius</strong></span> <span class='ocrx_word' id='word_1_30' title='bbox 1132 735 1297 794; x_wconf 90' lang='lat' dir='ltr'><strong>modo</strong></span> <span class='ocrx_word' id='word_1_31' title='bbox 1340 755 1596 807; x_wconf 85' lang='lat' dir='ltr'><strong>summae,</strong></span> <span class='ocrx_word' id='word_1_32' title='bbox 1641 737 1711 793; x_wconf 87' lang='lat' dir='ltr'><strong>ad</strong></span> <span class='ocrx_word' id='word_1_33' title='bbox 1758 758 1921 815; x_wconf 90' lang='lat' dir='ltr'><strong>quem</strong></span> 
     </span>
     <span class='ocr_line' id='line_1_6' title="bbox 219 833 1919 902; baseline -0.005 0"><span class='ocrx_word' id='word_1_34' title='bbox 219 840 619 902; x_wconf 88' lang='lat' dir='ltr'><strong>conficiendum</strong></span> <span class='ocrx_word' id='word_1_35' title='bbox 649 837 957 896; x_wconf 86' lang='lat' dir='ltr'><strong>consideret</strong></span> <span class='ocrx_word' id='word_1_36' title='bbox 984 857 998 893; x_wconf 72' lang='grc' dir='ltr'><strong><em>ε</em></strong></span> <span class='ocrx_word' id='word_1_37' title='bbox 1027 836 1276 893; x_wconf 91' lang='lat' dir='ltr'><strong>confecto</strong></span> <span class='ocrx_word' id='word_1_38' title='bbox 1305 833 1526 894; x_wconf 89' lang='lat' dir='ltr'><strong>demum</strong></span> <span class='ocrx_word' id='word_1_39' title='bbox 1560 837 1919 895; x_wconf 78' lang='lat' dir='ltr'><strong>excitabatur.</strong></span> 
     </span>
     <span class='ocr_line' id='line_1_7' title="bbox 219 936 1923 1021; baseline -0.003 -19"><span class='ocrx_word' id='word_1_40' title='bbox 219 950 321 1002; x_wconf 66' lang='lat' dir='ltr'><strong>Ac&#39;</strong></span> <span class='ocrx_word' id='word_1_41' title='bbox 348 964 416 1001; x_wconf 90' lang='lat' dir='ltr'><strong>ne</strong></span> <span class='ocrx_word' id='word_1_42' title='bbox 459 939 742 1021; x_wconf 90' lang='lat' dir='ltr'><strong>paululum</strong></span> <span class='ocrx_word' id='word_1_43' title='bbox 789 936 1010 1017; x_wconf 89' lang='lat' dir='ltr'><strong>quidem</strong></span> <span class='ocrx_word' id='word_1_44' title='bbox 1065 959 1232 995; x_wconf 85' lang='lat' dir='ltr'><strong>morae</strong></span> <span class='ocrx_word' id='word_1_45' title='bbox 1279 940 1526 1018; x_wconf 90' lang='lat' dir='ltr'><strong>patiens,</strong></span> <span class='ocrx_word' id='word_1_46' title='bbox 1573 959 1740 1018; x_wconf 87' lang='lat' dir='ltr'><strong>super</strong></span> <span class='ocrx_word' id='word_1_47' title='bbox 1786 961 1923 1018; x_wconf 87' lang='lat' dir='ltr'><strong>qua·</strong></span> 
     </span>
     <span class='ocr_line' id='line_1_8' title="bbox 220 1038 1925 1123; baseline -0.003 -21"><span class='ocrx_word' id='word_1_48' title='bbox 220 1045 470 1123; x_wconf 87' lang='lat' dir='ltr'><strong>draginta</strong></span> <span class='ocrx_word' id='word_1_49' title='bbox 518 1061 640 1099; x_wconf 91' lang='lat' dir='ltr'><strong>reos</strong></span> <span class='ocrx_word' id='word_1_50' title='bbox 695 1038 977 1118; x_wconf 92' lang='lat' dir='ltr'><strong>quondam</strong></span> <span class='ocrx_word' id='word_1_51' title='bbox 1034 1059 1100 1095; x_wconf 89' lang='lat' dir='ltr'><strong>ex</strong></span> <span class='ocrx_word' id='word_1_52' title='bbox 1153 1038 1381 1095; x_wconf 88' lang='lat' dir='ltr'><strong>diversis</strong></span> <span class='ocrx_word' id='word_1_53' title='bbox 1435 1039 1759 1096; x_wconf 86' lang='lat' dir='ltr'><strong>criminibus</strong></span> <span class='ocrx_word' id='word_1_54' title='bbox 1815 1061 1925 1097; x_wconf 91' lang='lat' dir='ltr'><strong>una</strong></span> 
     </span>
     <span class='ocr_line' id='line_1_9' title="bbox 220 1136 1925 1218; baseline -0.002 -18"><span class='ocrx_word' id='word_1_55' title='bbox 220 1143 489 1201; x_wconf 90' lang='lat' dir='ltr'><strong>sententia</strong></span> <span class='ocrx_word' id='word_1_56' title='bbox 535 1139 957 1212; x_wconf 83' lang='lat' dir='ltr'><strong>condemnavit,</strong></span> <span class='ocrx_word' id='word_1_57' title='bbox 1002 1136 1374 1217; x_wconf 84' lang='lat' dir='ltr'><strong>gloriatusque</strong></span> <span class='ocrx_word' id='word_1_58' title='bbox 1418 1150 1497 1195; x_wconf 90' lang='lat' dir='ltr'><strong>est</strong></span> <span class='ocrx_word' id='word_1_59' title='bbox 1537 1139 1925 1218; x_wconf 84' lang='lat' dir='ltr'><strong>expergefactae</strong></span> 
     </span>
     <span class='ocr_line' id='line_1_10' title="bbox 222 1237 1925 1316; baseline -0.003 -16"><span class='ocrx_word' id='word_1_60' title='bbox 222 1262 414 1300; x_wconf 92' lang='lat' dir='ltr'><strong>somno</strong></span> <span class='ocrx_word' id='word_1_61' title='bbox 461 1240 723 1298; x_wconf 83' lang='lat' dir='ltr'><strong>Caesoniae</strong></span> <span class='ocrx_word' id='word_1_62' title='bbox 744 1280 760 1310; x_wconf 89' lang='lat'><strong>,</strong></span> <span class='ocrx_word' id='word_1_63' title='bbox 804 1263 831 1291; x_wconf 79' lang='grc' dir='ltr'><strong>α</strong></span> <span class='ocrx_word' id='word_1_64' title='bbox 875 1250 1138 1315; x_wconf 91' lang='lat' dir='ltr'><strong>quantum</strong></span> <span class='ocrx_word' id='word_1_65' title='bbox 1189 1238 1422 1316; x_wconf 89' lang='lat' dir='ltr'><strong>egisset,</strong></span> <span class='ocrx_word' id='word_1_66' title='bbox 1469 1237 1601 1294; x_wconf 91' lang='lat' dir='ltr'><strong>dum</strong></span> <span class='ocrx_word' id='word_1_67' title='bbox 1648 1259 1711 1296; x_wconf 91' lang='lat' dir='ltr'><strong>ea</strong></span> <span class='ocrx_word' id='word_1_68' title='bbox 1760 1241 1925 1297; x_wconf 89' lang='lat' dir='ltr'><strong>meri-</strong></span> 
     </span>
     <span class='ocr_line' id='line_1_11' title="bbox 219 1341 467 1399; baseline -0.016 0"><span class='ocrx_word' id='word_1_69' title='bbox 219 1341 408 1399; x_wconf 77' lang='lat' dir='ltr'><strong>diaret.</strong></span> <span class='ocrx_word' id='word_1_70' title='bbox 439 1365 467 1395; x_wconf 76' lang='lat' dir='ltr'><strong>n</strong></span> 
     </span>
    </p>

    <p class='ocr_par' dir='ltr' id='par_1_3' title="bbox 179 1438 1937 3413">
     <span class='ocr_line' id='line_1_12' title="bbox 302 1438 1928 1518; baseline -0.002 -19"><span class='ocrx_word' id='word_1_71' title='bbox 302 1443 566 1499; x_wconf 85' lang='lat' dir='ltr'><strong>XXXIX.</strong></span> <span class='ocrx_word' id='word_1_72' title='bbox 598 1440 869 1498; x_wconf 91' lang='lat' dir='ltr'><strong>Auctione</strong></span> <span class='ocrx_word' id='word_1_73' title='bbox 902 1438 1211 1516; x_wconf 89' lang='lat' dir='ltr'><strong>proposita,</strong></span> <span class='ocrx_word' id='word_1_74' title='bbox 1245 1438 1500 1517; x_wconf 87' lang='lat' dir='ltr'><strong>reliquias</strong></span> <span class='ocrx_word' id='word_1_75' title='bbox 1527 1440 1774 1496; x_wconf 89' lang='lat' dir='ltr'><strong>omnium</strong></span> <span class='ocrx_word' id='word_1_76' title='bbox 1806 1461 1928 1518; x_wconf 91' lang='lat' dir='ltr'><strong>spe-</strong></span> 
     </span>
     <span class='ocr_line' id='line_1_13' title="bbox 225 1538 1931 1617; baseline -0.001 -18"><span class='ocrx_word' id='word_1_77' title='bbox 225 1540 564 1599; x_wconf 89' lang='lat' dir='ltr'><strong>ctaculorum</strong></span> <span class='ocrx_word' id='word_1_78' title='bbox 614 1539 842 1617; x_wconf 89' lang='lat' dir='ltr'><strong>subjecit</strong></span> <span class='ocrx_word' id='word_1_79' title='bbox 893 1550 946 1594; x_wconf 90' lang='lat' dir='ltr'><strong>et</strong></span> <span class='ocrx_word' id='word_1_80' title='bbox 994 1538 1295 1595; x_wconf 88' lang='lat' dir='ltr'><strong>venditavit</strong></span> <span class='ocrx_word' id='word_1_81' title='bbox 1318 1583 1333 1611; x_wconf 92' lang='lat'><strong><em>‚</em></strong></span> <span class='ocrx_word' id='word_1_82' title='bbox 1381 1539 1669 1616; x_wconf 88' lang='lat' dir='ltr'><strong>exquirens</strong></span> <span class='ocrx_word' id='word_1_83' title='bbox 1720 1560 1819 1617; x_wconf 87' lang='lat' dir='ltr'><strong>per</strong></span> <span class='ocrx_word' id='word_1_84' title='bbox 1874 1562 1931 1597; x_wconf 91' lang='lat' dir='ltr'><strong>se</strong></span> 
     </span>
     <span class='ocr_line' id='line_1_14' title="bbox 227 1638 1927 1720; baseline -0.001 -22"><span class='ocrx_word' id='word_1_85' title='bbox 227 1642 442 1720; x_wconf 88' lang='lat' dir='ltr'><strong>pretia,</strong></span> <span class='ocrx_word' id='word_1_86' title='bbox 483 1653 538 1697; x_wconf 93' lang='lat' dir='ltr'><strong>et</strong></span> <span class='ocrx_word' id='word_1_87' title='bbox 585 1660 757 1717; x_wconf 89' lang='lat' dir='ltr'><strong>usque</strong></span> <span class='ocrx_word' id='word_1_88' title='bbox 801 1660 867 1695; x_wconf 92' lang='lat' dir='ltr'><strong>eo</strong></span> <span class='ocrx_word' id='word_1_89' title='bbox 913 1638 1244 1712; x_wconf 82' lang='lat' dir='ltr'><strong>extendenS‚</strong></span> <span class='ocrx_word' id='word_1_90' title='bbox 1288 1651 1351 1696; x_wconf 91' lang='lat' dir='ltr'><strong>ut</strong></span> <span class='ocrx_word' id='word_1_91' title='bbox 1394 1639 1615 1717; x_wconf 86' lang='lat' dir='ltr'><strong>quidam</strong></span> <span class='ocrx_word' id='word_1_92' title='bbox 1659 1641 1927 1698; x_wconf 90' lang='lat' dir='ltr'><strong>immenso</strong></span> 
     </span>
     <span class='ocr_line' id='line_1_15' title="bbox 228 1738 1929 1818; baseline -0.002 -19"><span class='ocrx_word' id='word_1_93' title='bbox 228 1741 402 1800; x_wconf 90' lang='lat' dir='ltr'><strong>coacti</strong></span> <span class='ocrx_word' id='word_1_94' title='bbox 431 1739 677 1818; x_wconf 84' lang='lat' dir='ltr'><strong>quaedam</strong></span> <span class='ocrx_word' id='word_1_95' title='bbox 708 1759 919 1811; x_wconf 85' lang='lat' dir='ltr'><strong>emere,</strong></span> <span class='ocrx_word' id='word_1_96' title='bbox 953 1759 1015 1795; x_wconf 88' lang='lat' dir='ltr'><strong>ac</strong></span> <span class='ocrx_word' id='word_1_97' title='bbox 1049 1738 1207 1794; x_wconf 91' lang='lat' dir='ltr'><strong>bonis</strong></span> <span class='ocrx_word' id='word_1_98' title='bbox 1237 1740 1416 1810; x_wconf 85' lang='lat' dir='ltr'><strong>exuti,</strong></span> <span class='ocrx_word' id='word_1_99' title='bbox 1451 1759 1617 1797; x_wconf 87' lang='lat' dir='ltr'><strong>venas</strong></span> <span class='ocrx_word' id='word_1_100' title='bbox 1655 1740 1758 1796; x_wconf 89' lang='lat' dir='ltr'><strong>sibi</strong></span> <span class='ocrx_word' id='word_1_101' title='bbox 1793 1741 1929 1796; x_wconf 89' lang='lat' dir='ltr'><strong>inci-</strong></span> 
     </span>
     <span class='ocr_line' id='line_1_16' title="bbox 226 1838 1931 1915; baseline -0.001 -19"><span class='ocrx_word' id='word_1_102' title='bbox 226 1839 433 1898; x_wconf 84' lang='lat' dir='ltr'><strong>derent.</strong></span> <span class='ocrx_word' id='word_1_103' title='bbox 469 1841 615 1898; x_wconf 87' lang='lat' dir='ltr'><strong>Nota</strong></span> <span class='ocrx_word' id='word_1_104' title='bbox 647 1858 731 1895; x_wconf 90' lang='lat' dir='ltr'><strong>res</strong></span> <span class='ocrx_word' id='word_1_105' title='bbox 771 1850 887 1910; x_wconf 90' lang='lat' dir='ltr'><strong>est,</strong></span> <span class='ocrx_word' id='word_1_106' title='bbox 922 1838 1139 1915; x_wconf 93' lang='lat' dir='ltr'><strong>Aponio</strong></span> <span class='ocrx_word' id='word_1_107' title='bbox 1173 1839 1472 1895; x_wconf 89' lang='lat' dir='ltr'><strong>Saturnino</strong></span> <span class='ocrx_word' id='word_1_108' title='bbox 1506 1840 1651 1896; x_wconf 92' lang='lat' dir='ltr'><strong>inter</strong></span> <span class='ocrx_word' id='word_1_109' title='bbox 1677 1838 1931 1901; x_wconf 84' lang='lat' dir='ltr'><strong>subsellia</strong></span> 
     </span>
     <span class='ocr_line' id='line_1_17' title="bbox 230 1937 1929 2017; baseline -0.001 -20"><span class='ocrx_word' id='word_1_110' title='bbox 230 1939 591 2013; x_wconf 86' lang='lat' dir='ltr'><strong>dormitante,</strong></span> <span class='ocrx_word' id='word_1_111' title='bbox 616 1937 888 1996; x_wconf 91' lang='lat' dir='ltr'><strong>monitum</strong></span> <span class='ocrx_word' id='word_1_112' title='bbox 921 1958 952 1994; x_wconf 93' lang='lat' dir='ltr'><strong>a</strong></span> <span class='ocrx_word' id='word_1_113' title='bbox 980 1939 1116 1995; x_wconf 89' lang='lat' dir='ltr'><strong>Caio</strong></span> <span class='ocrx_word' id='word_1_114' title='bbox 1146 1955 1478 2016; x_wconf 63' lang='lat' dir='ltr'><strong>pmconem,</strong></span> <span class='ocrx_word' id='word_1_115' title='bbox 1507 1960 1577 1996; x_wconf 90' lang='lat' dir='ltr'><strong>ne</strong></span> <span class='ocrx_word' id='word_1_116' title='bbox 1610 1940 1929 2017; x_wconf 86' lang='lat' dir='ltr'><strong>praetorium</strong></span> 
     </span>
     <span class='ocr_line' id='line_1_18' title="bbox 225 2038 1930 2117; baseline -0.001 -20"><span class='ocrx_word' id='word_1_117' title='bbox 225 2039 437 2111; x_wconf 81' lang='lat' dir='ltr'><strong>virum,</strong></span> <span class='ocrx_word' id='word_1_118' title='bbox 465 2038 657 2097; x_wconf 89' lang='lat' dir='ltr'><strong>crebro</strong></span> <span class='ocrx_word' id='word_1_119' title='bbox 688 2039 879 2116; x_wconf 91' lang='lat' dir='ltr'><strong>capitis</strong></span> <span class='ocrx_word' id='word_1_120' title='bbox 912 2050 1066 2094; x_wconf 91' lang='lat' dir='ltr'><strong>motu</strong></span> <span class='ocrx_word' id='word_1_121' title='bbox 1101 2049 1386 2095; x_wconf 84' lang='lat' dir='ltr'><strong>nutantem</strong></span> <span class='ocrx_word' id='word_1_122' title='bbox 1421 2038 1553 2110; x_wconf 89' lang='lat' dir='ltr'><strong>sibi,</strong></span> <span class='ocrx_word' id='word_1_123' title='bbox 1582 2040 1886 2117; x_wconf 85' lang='lat' dir='ltr'><strong>praeteriret</strong></span> <span class='ocrx_word' id='word_1_124' title='bbox 1917 2061 1930 2095; x_wconf 76' lang='grc' dir='ltr'><strong><em>ε</em></strong></span> 
     </span>
     <span class='ocr_line' id='line_1_19' title="bbox 227 2138 1930 2219; baseline 0 -23"><span class='ocrx_word' id='word_1_125' title='bbox 227 2160 326 2197; x_wconf 88' lang='lat' dir='ltr'><strong>nec</strong></span> <span class='ocrx_word' id='word_1_126' title='bbox 363 2138 564 2196; x_wconf 89' lang='lat' dir='ltr'><strong>licendi</strong></span> <span class='ocrx_word' id='word_1_127' title='bbox 601 2139 764 2195; x_wconf 89' lang='lat' dir='ltr'><strong>finem</strong></span> <span class='ocrx_word' id='word_1_128' title='bbox 803 2138 1041 2211; x_wconf 87' lang='lat' dir='ltr'><strong>factum,</strong></span> <span class='ocrx_word' id='word_1_129' title='bbox 1085 2139 1267 2216; x_wconf 90' lang='lat' dir='ltr'><strong>quoad</strong></span> <span class='ocrx_word' id='word_1_130' title='bbox 1308 2138 1563 2196; x_wconf 88' lang='lat' dir='ltr'><strong>tredecim</strong></span> <span class='ocrx_word' id='word_1_131' title='bbox 1602 2140 1930 2219; x_wconf 86' lang='lat' dir='ltr'><strong>gladiatores</strong></span> 
     </span>
     <span class='ocr_line' id='line_1_20' title="bbox 226 2238 1932 2317; baseline 0 -21"><span class='ocrx_word' id='word_1_132' title='bbox 226 2240 474 2296; x_wconf 90' lang='lat' dir='ltr'><strong>sestertio</strong></span> <span class='ocrx_word' id='word_1_133' title='bbox 530 2239 788 2317; x_wconf 87' lang='lat' dir='ltr'><strong>nonagies</strong></span> <span class='ocrx_word' id='word_1_134' title='bbox 848 2239 1125 2316; x_wconf 90' lang='lat' dir='ltr'><strong>ignoranti</strong></span> <span class='ocrx_word' id='word_1_135' title='bbox 1179 2238 1581 2311; x_wconf 87' lang='lat' dir='ltr'><strong>addicerentur.</strong></span> <span class='ocrx_word' id='word_1_136' title='bbox 1634 2243 1699 2296; x_wconf 93' lang='lat' dir='ltr'><strong>In</strong></span> <span class='ocrx_word' id='word_1_137' title='bbox 1750 2238 1932 2311; x_wconf 86' lang='lat' dir='ltr'><strong>Gallia</strong></span> 
     </span>
     <span class='ocr_line' id='line_1_21' title="bbox 227 2337 1930 2419; baseline 0.001 -25"><span class='ocrx_word' id='word_1_138' title='bbox 227 2358 481 2415; x_wconf 88' lang='lat' dir='ltr'><strong>quoque,</strong></span> <span class='ocrx_word' id='word_1_139' title='bbox 527 2359 699 2415; x_wconf 90' lang='lat' dir='ltr'><strong>quum</strong></span> <span class='ocrx_word' id='word_1_140' title='bbox 742 2337 1126 2395; x_wconf 87' lang='lat' dir='ltr'><strong>damnatorum</strong></span> <span class='ocrx_word' id='word_1_141' title='bbox 1171 2352 1524 2411; x_wconf 85' lang='lat' dir='ltr'><strong>ornamenta,</strong></span> <span class='ocrx_word' id='word_1_142' title='bbox 1569 2351 1622 2395; x_wconf 90' lang='lat' dir='ltr'><strong>et</strong></span> <span class='ocrx_word' id='word_1_143' title='bbox 1663 2338 1930 2419; x_wconf 85' lang='lat' dir='ltr'><strong>supellec-</strong></span> 
     </span>
     <span class='ocr_line' id='line_1_22' title="bbox 228 2436 1931 2517; baseline 0.001 -24"><span class='ocrx_word' id='word_1_144' title='bbox 228 2436 406 2509; x_wconf 86' lang='lat' dir='ltr'><strong>tilem,</strong></span> <span class='ocrx_word' id='word_1_145' title='bbox 444 2450 499 2494; x_wconf 92' lang='lat' dir='ltr'><strong>et</strong></span> <span class='ocrx_word' id='word_1_146' title='bbox 541 2458 755 2510; x_wconf 66' lang='lat' dir='ltr'><strong>servm,</strong></span> <span class='ocrx_word' id='word_1_147' title='bbox 785 2451 948 2515; x_wconf 91' lang='lat' dir='ltr'><strong>atque</strong></span> <span class='ocrx_word' id='word_1_148' title='bbox 991 2440 1154 2496; x_wconf 90' lang='lat' dir='ltr'><strong>etiam</strong></span> <span class='ocrx_word' id='word_1_149' title='bbox 1201 2438 1450 2509; x_wconf 79' lang='lat' dir='ltr'><strong>libertos,</strong></span> <span class='ocrx_word' id='word_1_150' title='bbox 1487 2440 1763 2496; x_wconf 89' lang='lat' dir='ltr'><strong>immensis</strong></span> <span class='ocrx_word' id='word_1_151' title='bbox 1805 2460 1931 2517; x_wconf 89' lang='lat' dir='ltr'><strong>pre-</strong></span> 
     </span>
     <span class='ocr_line' id='line_1_23' title="bbox 230 2536 1934 2616; baseline 0.002 -24"><span class='ocrx_word' id='word_1_152' title='bbox 230 2538 316 2593; x_wconf 92' lang='lat' dir='ltr'><strong>tiis</strong></span> <span class='ocrx_word' id='word_1_153' title='bbox 340 2536 711 2611; x_wconf 81' lang='lat' dir='ltr'><strong>vendidisset3</strong></span> <span class='ocrx_word' id='word_1_154' title='bbox 750 2539 1010 2595; x_wconf 89' lang='lat' dir='ltr'><strong>invitatus</strong></span> <span class='ocrx_word' id='word_1_155' title='bbox 1060 2537 1215 2596; x_wconf 88' lang='lat' dir='ltr'><strong>lucro</strong></span> <span class='ocrx_word' id='word_1_156' title='bbox 1237 2583 1251 2611; x_wconf 89' lang='lat'><strong><em>‚</em></strong></span> <span class='ocrx_word' id='word_1_157' title='bbox 1297 2538 1558 2616; x_wconf 88' lang='lat' dir='ltr'><strong>quicquid</strong></span> <span class='ocrx_word' id='word_1_158' title='bbox 1587 2540 1934 2596; x_wconf 89' lang='lat' dir='ltr'><strong>instrumenti</strong></span> 
     </span>
     <span class='ocr_line' id='line_1_24' title="bbox 233 2635 1936 2717; baseline 0.002 -26"><span class='ocrx_word' id='word_1_159' title='bbox 233 2636 424 2692; x_wconf 90' lang='lat' dir='ltr'><strong>veteris</strong></span> <span class='ocrx_word' id='word_1_160' title='bbox 478 2635 614 2693; x_wconf 87' lang='lat' dir='ltr'><strong>aulae</strong></span> <span class='ocrx_word' id='word_1_161' title='bbox 681 2649 833 2708; x_wconf 88' lang='lat' dir='ltr'><strong>erat,</strong></span> <span class='ocrx_word' id='word_1_162' title='bbox 890 2639 959 2694; x_wconf 91' lang='lat' dir='ltr'><strong>ab</strong></span> <span class='ocrx_word' id='word_1_163' title='bbox 1016 2638 1170 2695; x_wconf 90' lang='lat' dir='ltr'><strong>Urbe</strong></span> <span class='ocrx_word' id='word_1_164' title='bbox 1225 2640 1482 2716; x_wconf 79' lang='lat' dir='ltr'><strong>repetiit3</strong></span> <span class='ocrx_word' id='word_1_165' title='bbox 1533 2640 1936 2717; x_wconf 88' lang='lat' dir='ltr'><strong>comprehensis</strong></span> 
     </span>
     <span class='ocr_line' id='line_1_25' title="bbox 230 2733 1933 2818; baseline 0.004 -29"><span class='ocrx_word' id='word_1_166' title='bbox 230 2733 300 2790; x_wconf 95' lang='lat' dir='ltr'><strong>ad</strong></span> <span class='ocrx_word' id='word_1_167' title='bbox 333 2733 737 2812; x_wconf 86' lang='lat' dir='ltr'><strong>deportandum</strong></span> <span class='ocrx_word' id='word_1_168' title='bbox 769 2738 1060 2795; x_wconf 89' lang='lat' dir='ltr'><strong>meritoriis</strong></span> <span class='ocrx_word' id='word_1_169' title='bbox 1094 2759 1313 2816; x_wconf 90' lang='lat' dir='ltr'><strong>quoque</strong></span> <span class='ocrx_word' id='word_1_170' title='bbox 1344 2738 1634 2812; x_wconf 86' lang='lat' dir='ltr'><strong>vehiculis,</strong></span> <span class='ocrx_word' id='word_1_171' title='bbox 1663 2752 1715 2796; x_wconf 93' lang='lat' dir='ltr'><strong>et</strong></span> <span class='ocrx_word' id='word_1_172' title='bbox 1748 2740 1933 2818; x_wconf 90' lang='lat' dir='ltr'><strong>pistri-</strong></span> 
     </span>
     <span class='ocr_line' id='line_1_26' title="bbox 179 2834 1937 2917; baseline 0.003 -28"><span class='ocrx_word' id='word_1_173' title='bbox 179 2844 183 2848; x_wconf 80' lang='grc'>’</span> <span class='ocrx_word' id='word_1_174' title='bbox 231 2834 489 2891; x_wconf 90' lang='lat' dir='ltr'><strong>nensibus</strong></span> <span class='ocrx_word' id='word_1_175' title='bbox 521 2835 784 2912; x_wconf 88' lang='lat' dir='ltr'><strong>jumentis</strong></span> <span class='ocrx_word' id='word_1_176' title='bbox 819 2857 832 2892; x_wconf 91' lang='lat'><strong>:</strong></span> <span class='ocrx_word' id='word_1_177' title='bbox 872 2836 1037 2910; x_wconf 89' lang='lat' dir='ltr'><strong>ade0,</strong></span> <span class='ocrx_word' id='word_1_178' title='bbox 1070 2850 1133 2894; x_wconf 93' lang='lat' dir='ltr'><strong>ut</strong></span> <span class='ocrx_word' id='word_1_179' title='bbox 1170 2850 1226 2894; x_wconf 90' lang='lat' dir='ltr'><strong>et</strong></span> <span class='ocrx_word' id='word_1_180' title='bbox 1258 2841 1412 2916; x_wconf 91' lang='lat' dir='ltr'><strong>panis</strong></span> <span class='ocrx_word' id='word_1_181' title='bbox 1442 2842 1630 2896; x_wconf 81' lang='lat' dir='ltr'><strong>Romae</strong></span> <span class='ocrx_word' id='word_1_182' title='bbox 1667 2860 1805 2917; x_wconf 84' lang='lat' dir='ltr'><strong>saepe</strong></span> <span class='ocrx_word' id='word_1_183' title='bbox 1842 2837 1937 2895; x_wconf 91' lang='lat' dir='ltr'><strong>de·</strong></span> 
     </span>
     <span class='ocr_line' id='line_1_27' title="bbox 231 2930 1933 3014; baseline 0.004 -27"><span class='ocrx_word' id='word_1_184' title='bbox 231 2930 439 3006; x_wconf 87' lang='lat' dir='ltr'><strong>ficeret,</strong></span> <span class='ocrx_word' id='word_1_185' title='bbox 463 2945 518 2990; x_wconf 88' lang='lat' dir='ltr'><strong>et</strong></span> <span class='ocrx_word' id='word_1_186' title='bbox 542 2932 879 3012; x_wconf 87' lang='lat' dir='ltr'><strong>litigatorum</strong></span> <span class='ocrx_word' id='word_1_187' title='bbox 906 2933 1176 3013; x_wconf 89' lang='lat' dir='ltr'><strong>plerique,</strong></span> <span class='ocrx_word' id='word_1_188' title='bbox 1198 2937 1346 3014; x_wconf 90' lang='lat' dir='ltr'><strong>quod</strong></span> <span class='ocrx_word' id='word_1_189' title='bbox 1370 2958 1659 2996; x_wconf 88' lang='lat' dir='ltr'><strong>occurrere</strong></span> <span class='ocrx_word' id='word_1_190' title='bbox 1684 2940 1933 2995; x_wconf 89' lang='lat' dir='ltr'><strong>absentes</strong></span> 
     </span>
     <span class='ocr_line' id='line_1_28' title="bbox 235 3030 1933 3131; baseline 0.003 -44"><span class='ocrx_word' id='word_1_191' title='bbox 235 3030 306 3088; x_wconf 87' lang='lat' dir='ltr'><strong>ad</strong></span> <span class='ocrx_word' id='word_1_192' title='bbox 342 3031 718 3090; x_wconf 84' lang='lat' dir='ltr'><strong>vadimonium</strong></span> <span class='ocrx_word' id='word_1_193' title='bbox 752 3055 863 3091; x_wconf 91' lang='lat' dir='ltr'><strong>non</strong></span> <span class='ocrx_word' id='word_1_194' title='bbox 899 3048 1151 3113; x_wconf 89' lang='lat' dir='ltr'><strong>possent,</strong></span> <span class='ocrx_word' id='word_1_195' title='bbox 1185 3055 1348 3093; x_wconf 89' lang='lat' dir='ltr'><strong>causa</strong></span> <span class='ocrx_word' id='word_1_196' title='bbox 1389 3038 1659 3131; x_wconf 47' lang='lat' dir='ltr'><strong>caderent.</strong></span> <span class='ocrx_word' id='word_1_197' title='bbox 1704 3039 1809 3095; x_wconf 91' lang='lat' dir='ltr'><strong>Cui</strong></span> <span class='ocrx_word' id='word_1_198' title='bbox 1851 3038 1933 3093; x_wconf 91' lang='lat' dir='ltr'><strong>in-</strong></span> 
     </span>
     <span class='ocr_line' id='line_1_29' title="bbox 233 3133 1936 3194; baseline 0.002 -7"><span class='ocrx_word' id='word_1_199' title='bbox 233 3142 537 3189; x_wconf 87' lang='lat' dir='ltr'><strong>strumento</strong></span> <span class='ocrx_word' id='word_1_200' title='bbox 584 3133 934 3192; x_wconf 87' lang='lat' dir='ltr'><strong>distrahendo</strong></span> <span class='ocrx_word' id='word_1_201' title='bbox 978 3134 1115 3193; x_wconf 89' lang='lat' dir='ltr'><strong>nihil</strong></span> <span class='ocrx_word' id='word_1_202' title='bbox 1163 3157 1273 3193; x_wconf 90' lang='lat' dir='ltr'><strong>non</strong></span> <span class='ocrx_word' id='word_1_203' title='bbox 1321 3136 1523 3193; x_wconf 85' lang='lat' dir='ltr'><strong>fraudis</strong></span> <span class='ocrx_word' id='word_1_204' title='bbox 1568 3158 1632 3194; x_wconf 85' lang='lat' dir='ltr'><strong>ac</strong></span> <span class='ocrx_word' id='word_1_205' title='bbox 1676 3135 1936 3193; x_wconf 89' lang='lat' dir='ltr'><strong>lenocinii</strong></span> 
     </span>
     <span class='ocr_line' id='line_1_30' title="bbox 234 3229 1930 3314; baseline 0.004 -28"><span class='ocrx_word' id='word_1_206' title='bbox 234 3229 519 3288; x_wconf 89' lang='lat' dir='ltr'><strong>adhibuit:</strong></span> <span class='ocrx_word' id='word_1_207' title='bbox 545 3233 711 3289; x_wconf 90' lang='lat' dir='ltr'><strong>modo</strong></span> <span class='ocrx_word' id='word_1_208' title='bbox 740 3234 978 3291; x_wconf 80' lang='lat' dir='ltr'><strong>avaritiae</strong></span> <span class='ocrx_word' id='word_1_209' title='bbox 1010 3235 1252 3314; x_wconf 88' lang='lat' dir='ltr'><strong>singulos</strong></span> <span class='ocrx_word' id='word_1_210' title='bbox 1283 3238 1595 3314; x_wconf 81' lang='lat' dir='ltr'><strong>increpanS,</strong></span> <span class='ocrx_word' id='word_1_211' title='bbox 1627 3248 1707 3310; x_wconf 92' lang='lat' dir='ltr'><strong>et,</strong></span> <span class='ocrx_word' id='word_1_212' title='bbox 1734 3260 1761 3290; x_wconf 75' lang='grc' dir='ltr'><strong>α</strong></span> <span class='ocrx_word' id='word_1_213' title='bbox 1783 3235 1930 3314; x_wconf 92' lang='lat' dir='ltr'><strong>quod</strong></span> 
     </span>
     <span class='ocr_line' id='line_1_31' title="bbox 236 3331 1932 3413; baseline 0.005 -29"><span class='ocrx_word' id='word_1_214' title='bbox 236 3349 344 3386; x_wconf 90' lang='lat' dir='ltr'><strong>non</strong></span> <span class='ocrx_word' id='word_1_215' title='bbox 382 3331 609 3408; x_wconf 86' lang='lat' dir='ltr'><strong>puderet</strong></span> <span class='ocrx_word' id='word_1_216' title='bbox 639 3354 760 3402; x_wconf 63' lang='grc' dir='ltr'><strong>θος,</strong></span> <span class='ocrx_word' id='word_1_217' title='bbox 802 3332 1181 3412; x_wconf 88' lang='lat' dir='ltr'><strong>locupletiores</strong></span> <span class='ocrx_word' id='word_1_218' title='bbox 1216 3357 1362 3409; x_wconf 88' lang='lat' dir='ltr'><strong>esse,</strong></span> <span class='ocrx_word' id='word_1_219' title='bbox 1398 3357 1562 3413; x_wconf 89' lang='lat' dir='ltr'><strong>quam</strong></span> <span class='ocrx_word' id='word_1_220' title='bbox 1599 3356 1684 3407; x_wconf 91' lang='lat' dir='ltr'><strong>se;</strong></span> <span class='ocrx_word' id='word_1_221' title='bbox 1712 3360 1739 3389; x_wconf 86' lang='lat'><strong>›&gt;</strong></span> <span class='ocrx_word' id='word_1_222' title='bbox 1769 3335 1932 3392; x_wconf 87' lang='lat' dir='ltr'><strong>modo</strong></span> 
     </span>
    </p>
   </div>
  </div>
 </body>
</html>
