2372 3918
849 242 898 286 c.
931 240 1140 287 mnus
1163 239 1391 298 ,ca-:stin
1920 242 1978 300 37

279 349 470 405 Scaevae
500 344 860 414 centurioniS,
891 340 975 398 vel
1007 345 1068 400 C.
1100 341 1257 399 Acilii
1287 340 1473 397 militis
1505 363 1517 396 ε
1550 363 1616 398 ne
1643 344 1709 399 de
1734 344 1982 420 pluribus

277 445 519 502 reseram.
567 422 779 513 Scaeva,
823 462 1054 497 excusso
1100 440 1293 513 ocu10,
1341 440 1637 498 transfixus
1682 443 1883 501 femore
1926 457 1981 502 et

275 545 529 616 humero,
552 554 768 599 centum
792 553 846 596 et
869 540 1063 617 viginti
1083 541 1276 596 ictibus
1300 552 1454 596 scuto
1478 540 1779 616 per-foram,
1804 557 1980 601 custo-

281 644 422 700 diam
451 653 620 720 portae
647 641 918 696 commissi
949 638 1153 695 castelli
1186 640 1428 695 retinuit.
1463 639 1674 696 Acilius
1705 641 1882 698 navali
1911 644 1981 700 ad

278 741 570 798 Massiliam
608 738 830 817 proeli0,
868 740 1064 816 injecta
1108 739 1164 794 in
1205 758 1443 815 puppem
1479 738 1720 795 hostium
1758 740 1979 816 dextra,

277 853 331 898 et
368 841 598 897 abscissa
620 883 635 913 ‚
678 837 1029 896 memorabile
1074 836 1209 893 illud
1251 837 1398 914 apud
1442 839 1663 895 Graecos
1708 841 1981 919 Gynaegiri

276 939 581 1018 exemplum
605 940 871 1010 imitatus,
899 936 1175 994 transiluit
1202 937 1256 992 in
1287 956 1505 1009 navem,
1532 939 1770 994 umbone
1792 940 1980 999 obvios

276 1060 454 1117 agens,

355 1142 554 1198 LXIX.
602 1139 933 1197 Seditionem
971 1160 1067 1217 per
1108 1138 1295 1195 decem
1341 1158 1513 1195 annos
1556 1139 1781 1200 Gallicis
1826 1145 1981 1204 bellis

279 1241 481 1299 nullam
509 1241 733 1298 omnino
757 1252 1072 1312 moverunt,
1097 1237 1346 1295 civilibus
1370 1237 1603 1314 aliquas;
1631 1241 1725 1298 sed
1756 1258 1818 1300 ut
1844 1247 1982 1303 cele·

275 1343 410 1398 riter
443 1342 512 1398 ad
550 1342 789 1399 officium
826 1342 1108 1404 redierint,
1149 1363 1249 1398 nec
1293 1354 1407 1397 tam
1450 1342 1790 1421 indulgentia
1827 1344 1981 1403 ducis

277 1462 441 1516 quam
471 1445 803 1500 auctoritate.
837 1447 966 1502 Non
997 1450 1142 1501 enim
1173 1450 1330 1502 cessit
1359 1466 1603 1522 unquam
1637 1443 1981 1501 tumultuan-

278 1540 446 1612 tibus,
474 1554 635 1617 atque
663 1545 821 1599 etiam
851 1545 1067 1600 obviam
1097 1566 1307 1621 semper
1337 1546 1413 1600 iit.
1441 1548 1510 1601 Et
1536 1565 1737 1600 nonam
1760 1545 1983 1621 quidem

276 1637 541 1715 legionem
579 1641 724 1717 apud
761 1641 1119 1715 Placentiam,
1154 1663 1486 1719 quamquam
1516 1644 1573 1697 in
1604 1644 1769 1698 armis
1802 1645 1981 1701 adhuc

276 1749 412 1794 esset
450 1741 772 1817 PompeiuS‚
816 1753 987 1797 totam
1028 1762 1155 1798 cum
1196 1742 1494 1818 ignominia
1538 1743 1757 1798 missam
1800 1742 1927 1799 fecit
1969 1765 1982 1799 ε

277 1857 544 1914 aegreque‚
570 1851 692 1916 post
713 1838 913 1895 multas
935 1852 990 1895 et
1014 1839 1283 1919 supplices
1307 1861 1520 1918 preces.
1546 1861 1644 1897 nec
1668 1842 1773 1898 nisi
1799 1855 1985 1899 exacta

279 1934 346 1992 de
379 1938 622 1994 sontibus
650 1959 810 2015 poena
829 1982 843 2011 ‚
880 1941 1134 1998 restituit.

357 2039 526 2093 LXX.
571 2039 916 2095 Decumanos
942 2051 1126 2096 autem
1153 2044 1360 2114 Romae,
1387 2062 1513 2098 cum
1540 2043 1853 2120 ingentibus
1877 2043 1982 2098 mi-

281 2138 391 2210 nis,
419 2128 739 2214 summoque
763 2139 926 2196 etiam
953 2138 1103 2194 urbis
1132 2141 1399 2216 periculo,
1425 2141 1736 2197 missionem
1764 2154 1817 2197 et
1845 2163 1984 2219 prae-

283 2238 391 2291 mia
414 2236 743 2314 flagitantes,
769 2238 990 2293 ardente
1015 2251 1147 2295 tunc
1171 2240 1227 2294 in
1248 2239 1427 2297 Africa
1450 2239 1619 2313 bello,
1642 2261 1819 2318 neque
1840 2242 1989 2298 adire

281 2347 563 2392 cunctatus
602 2348 710 2409 est,
749 2357 1081 2413 quamquam
1120 2338 1515 2397 deterrentibus
1551 2342 1771 2411 amiciS‚
1813 2360 1989 2417 neque

282 2433 549 2491 dimittere
583 2457 595 2491 :
630 2435 724 2491 sed
758 2456 868 2492 una
897 2457 1059 2510 voce,
1091 2458 1200 2514 qua
1241 2438 1480 2512 Quirites
1508 2459 1598 2498 eos
1617 2482 1632 2510 ,
1663 2460 1765 2516 pro
1802 2438 1987 2495 militi-

282 2535 384 2591 bus
404 2578 419 2608 ,
453 2534 782 2613 appellarat,
814 2547 926 2596 tam
955 2536 1109 2602 facile
1140 2538 1491 2615 circumegit,
1522 2550 1576 2602 et
1605 2538 1787 2611 flexit,
1818 2550 1879 2595 ut
1907 2542 1988 2612 ei,

284 2634 470 2691 milltes
507 2656 648 2706 esse,
690 2636 971 2694 confestim
1011 2638 1414 2716 responderint,
1454 2650 1510 2694 et
1548 2640 1793 2716 quamvis
1830 2659 1989 2695 recu-

285 2746 494 2790 santem
520 2734 666 2790 ultro
691 2737 747 2791 in
776 2736 1013 2793 Africam
1044 2738 1152 2792 sint
1180 2739 1350 2794 secuti
1379 2759 1391 2794 ε
1422 2759 1483 2795 ac
1511 2740 1586 2794 sic
1612 2760 1830 2816 quoque
1854 2737 1989 2795 sedi-

291 2834 635 2890 tiosissimum
674 2854 945 2911 quemque
979 2847 1034 2892 et
1068 2835 1265 2914 praedae
1299 2849 1353 2892 et
1390 2838 1505 2914 agri
1539 2837 1791 2894 destinati
1830 2840 1987 2895 tertia

285 2947 438 3010 parte
461 2936 728 2992 multavit.

363 3038 561 3092 LXXI.
607 3034 861 3092 Studium
891 3048 945 3091 et
977 3034 1108 3091 fides
1139 3056 1266 3112 erga
1297 3034 1515 3091 clientes
1550 3056 1617 3092 ne
1642 3037 1830 3111 juveni
1864 3036 1985 3111 qui-

288 3135 410 3191 dem
454 3135 758 3191 defuerunt.
802 3135 1165 3205 Masintham,
1210 3133 1447 3190 nobilem
1487 3136 1779 3210 juvenem,
1817 3153 1987 3209 quum

289 3234 545 3290 adversus
577 3234 941 3312 Hiempsalem
979 3255 1159 3312 regem
1196 3246 1306 3290 tam
1345 3235 1498 3290 enixe
1539 3232 1891 3304 defendisset,
1927 3243 2019 3287 ut*
