2372 3918
789 299 854 345 IN
892 299 1032 346 OCT.
1072 297 1437 344 AUGUS‘I'UM.
1897 296 1986 343 ¹85

235 398 492 456 dicatione,
527 396 687 460 tigrim
709 397 890 458 primus
915 395 1129 441 omnium
1151 395 1316 439 Romae
1345 392 1559 438 ostendit
1592 393 1639 438 in
1675 409 1819 439 cavea
1844 409 1986 439 man-

234 476 508 523 suefactum.
530 495 548 516 ι

303 567 398 612 Pro
420 564 619 612 comitio.
637 564 815 621 Varro,
830 564 892 607 de
913 563 1055 623 Ling.
1082 563 1165 606 lat.
1186 577 1202 603 .·
1219 582 1238 600 «
1263 560 1534 615 Comitium,
1562 560 1622 605 ab
1639 576 1698 604 eo
1724 560 1862 621 quod
1879 561 1986 606 coi-

231 643 350 690 bant
384 657 443 689 eo
485 640 688 687 comitiis
717 639 910 687 curiatis
947 648 996 685 et
1031 637 1185 683 litium
1225 652 1381 684 causa.
1402 659 1423 679 ι»
1461 637 1532 683 Cf.
1574 637 1787 683 Numa.
1806 673 1821 696 ,
1854 639 1986 684 Rom.

231 730 355 777 vet„
389 736 447 779 v,
475 721 526 778 3,
548 718 599 764 in
633 717 768 764 Thes.
796 718 971 774 Gnaeo„
999 725 1032 761 t.
1061 732 1138 774 lv,
1162 731 1210 776 p.
1244 715 1383 776 1139.

298 808 536 854 Lectica...
564 806 825 851 deduceret.
858 805 963 851 Hoc
989 804 1185 866 quidem
1208 802 1481 859 insolitum3
1504 818 1616 848 nam
1644 818 1791 848 curru
1815 802 1990 849 trimu-

228 885 362 948 phali
374 884 594 932 solebant
619 882 728 929 vehi
750 892 907 929 tensas
933 882 1175 929 ducentes.
1203 882 1326 928 Vide
1349 883 1568 940 Rumam,
1593 881 1655 926 de
1682 881 1750 926 Re
1766 882 1957 926 vestiar.
1970 915 1986 937 ,
2057 880 2061 885 ’

230 982 273 1022 1,
310 980 387 1010 αι.

296 1053 574 1099 Dedicabat.
605 1050 702 1096 Dio
713 1085 728 1110 ‚
760 1065 874 1109 mv,
903 1066 951 1112 p.
980 1049 1077 1112 539
1113 1067 1125 1094 2
1161 1061 1287 1100 Μετὰ
1325 1053 1375 1099 δὲ
1407 1052 1463 1103 δὴ
1499 1060 1636 1098 ταῦτα
1667 1055 1717 1097 τό
1738 1070 1785 1096 τι
1822 1055 1988 1112 θέατρον

228 1141 274 1182 τὸ
312 1144 383 1182 τοῦ
406 1138 649 1197 Μαρκέλλου
672 1136 919 1194 καλούμενον
955 1137 1199 1194 καθιέρωσε,
1228 1135 1305 1178 κᾶν
1339 1141 1391 1192 τῇ
1429 1135 1655 1192 πανηγύρει
1681 1138 1733 1191 τῇ
1765 1128 1840 1176 διὰ
1869 1138 1989 1176 τοῦτο

226 1217 448 1274 γινομένῃ,
470 1215 544 1262 τήν
569 1231 617 1258 τε
641 1214 789 1273 Τροίαν
820 1210 1024 1265 οἶπαῖδες
1047 1210 1381 1272 σὶιύπατρίδαι,
1412 1213 1451 1256 οἴ
1480 1229 1527 1255 τε
1552 1212 1690 1263 ἄλλοι,
1721 1209 1792 1253 καὶ
1824 1212 1843 1253 ὅ
1875 1213 1991 1269 ἔγγο-

171 1313 174 1320 ·
233 1311 295 1344 νος
327 1296 452 1337 αὐτοῦ
476 1295 495 1336 ὅ
523 1294 643 1343 Γάῖος
659 1293 883 1336 terrenam.

296 1377 407 1422 Cu».
433 1376 610 1423 XLIV.
639 1374 952 1421 Senator-ibus.
979 1373 1030 1419 Si
1066 1373 1215 1419 modo
1255 1372 1517 1418 adfuissent
1555 1381 1684 1418 veste
1717 1372 1991 1426 senatoria,·

228 1453 301 1500 sin
323 1453 509 1513 minus,
531 1452 618 1500 ubi
641 1453 869 1510 libuerat,
892 1451 1060 1497 sedere
1082 1458 1329 1512 poterant.

294 1533 379 1578 Ex
411 1533 652 1594 superiore
692 1533 808 1576 loco.
843 1529 954 1576 Scil.
986 1545 1011 1575 e
1036 1544 1220 1575 summa
1247 1543 1405 1574 cavea.
1439 1527 1696 1589 Calpurn.,
1734 1542 1839 1584 vu,
1878 1525 1940 1572 26
1977 1541 1990 1571 z

406 1691 599 1733 Venimus
617 1691 669 1732 ad
691 1691 825 1740 sedes,
850 1689 922 1731 ubi
941 1690 1051 1745 pulla
1073 1681 1233 1730 sordida
1251 1697 1359 1729 veste

405 1766 516 1804 Inter
537 1761 729 1804 femineas
745 1761 951 1816 spectabat
966 1760 1086 1802 turba
1108 1759 1349 1828 cathedras.-

299 1917 542 1964 Tn‘bunal.
583 1917 643 1962 H.
679 1930 719 1961 e.
746 1930 806 1961 ex
827 1914 1030 1961 adverso
1064 1914 1186 1960 sellae
1209 1913 1389 1960 curulis
1419 1929 1526 1975 quae
1549 1913 1748 1974 praetori
1781 1912 1833 1958 in
1865 1912 1993 1960 ludis

226 1994 514 2058 ponebatur.
551 1993 623 2040 Cf.
663 1994 819 2052 ἱππ»,
849 1993 911 2039 de
942 1991 1162 2054 Amphit.
1175 2024 1193 2048 ,
1230 2007 1272 2038 c.
1296 2007 1368 2050 11,
1399 1991 1488 2038 ubi
1514 1991 1695 2052 probat
1723 1991 1818 2036 hoc
1851 1990 1992 2037 fixisse

229 2074 291 2121 ad
313 2074 530 2120 Podium.
1199 2079 1201 2081 ·

295 2150 666 2209 Pontificalibus.
713 2153 874 2210 Quos,
920 2149 1125 2197 docente
1179 2150 1451 2198 Casaubon.
1467 2185 1482 2209 ‚
1531 2147 1686 2196 edidit
1744 2151 1992 2213 Augustus

223 2229 501 2293 pontificatu
529 2227 739 2274 maximo
766 2235 1006 2288 suscepto.

296 2318 407 2364 Non
435 2318 647 2378 placere.
682 2316 750 2363 Ut
798 2316 1082 2362 athletarum
1114 2315 1433 2378 pugilumque
1483 2317 1814 2378 spectaculum
1854 2318 1991 2379 prius

228 2395 465 2454 finiretur,
500 2409 646 2456 quam
669 2392 889 2440 mulieres
911 2393 962 2439 in
986 2393 1225 2439 theatrum
1251 2392 1486 2438 venirent.

298 2485 407 2531 Cu».
439 2484 590 2530 XLV.
618 2483 664 2528 E
688 2482 946 2544 pulvinari.
971 2481 1098 2529 Talis
1129 2482 1279 2528 lectus
1309 2484 1532 2545 Augusto
1570 2480 1714 2527 etiam
1744 2483 1995 2544 sequenti-

228 2562 418 2624 busque
446 2559 819 2621 imperatoribus
841 2576 933 2622 pro
965 2559 1077 2606 sede
1101 2559 1220 2620 fuit3
1244 2576 1305 2607 ne
1339 2559 1448 2622 quis
1476 2575 1588 2605 cum
1619 2559 1723 2606 aliis
1747 2560 1808 2606 de
1829 2542 1995 2624 pulii-

228 2638 334 2687 nari
358 2639 562 2692 deorum
585 2638 634 2683 in
650 2638 786 2700 spina
821 2637 938 2684 circi
960 2638 1151 2701 cogitet.

301 2728 570 2791 Spectandi.
596 2727 775 2785 Tacit.,
801 2730 1009 2785 Annal.,
1036 2744 1082 2789 ι,
1110 2725 1170 2783 54
1197 2745 1208 2773 :
1239 2748 1258 2769 ‹-
1275 2728 1446 2790 Neque
1470 2727 1573 2789 ipse
1598 2727 1891 2777 abhorrebat
1914 2738 1993 2776 ta·

231 2808 356 2854 libus
378 2806 547 2853 studiis
561 2841 575 2865 ,
598 2814 647 2852 et
675 2805 813 2852 civile
843 2806 1043 2854 rebatur
1064 2806 1250 2853 misceri
1276 2805 1610 2868 voluptatibus
1633 2806 1781 2868 vulgi.
1807 2827 1827 2848 υ

304 2886 587 2933 Corollaria.
615 2886 797 2944 Varro,
827 2886 889 2930 de
917 2886 1056 2949 Ling.
1089 2888 1175 2932 lat.
1211 2902 1227 2930 .·
1259 2884 1667 2933 «Corollarium...
1704 2886 1993 2932 vocabulum

223 2965 395 3013 'fictum
418 2980 447 3010 a
478 2962 692 3022 corollis,
719 2962 856 3025 quod
889 2963 984 3022 hae,
1017 2980 1168 3026 quum
1202 2964 1483 3026 placuerant
1517 2972 1728 3021 actores,
1763 2964 1819 3009 in'
1853 2979 1993 3011 scena

233 3043 339 3092 dari
364 3041 527 3089 solitae.
552 3060 579 3084 π

298 3119 497 3166 Alienis.
522 3120 583 3166 H.
607 3134 650 3166 e.
675 3118 902 3178 aliorum,
926 3134 1027 3166 non
1049 3134 1138 3166 suo
1168 3117 1365 3165 nomine
1387 3116 1545 3164 editis.

303 3210 609 3257 Catervarios.
634 3211 834 3258 Temere
857 3226 913 3257 ac
935 3209 1035 3256 sine
1057 3217 1158 3257 arte
1181 3224 1271 3272 per
1294 3216 1532 3265 catervas,
1557 3221 1659 3253 non
1689 3206 1865 3270 singuli
1891 3206 1996 3254 sin-

235 3287 379 3350 gulis.
411 3288 722 3353 pugnabant,
753 3296 858 3335 test.
883 3287 1040 3351 Lips.‚
1069 3289 1282 3344 Salam„
1315 3278 1380 3348 u}
1419 3286 1492 3333 16.

306 3367 418 3412 Sine
442 3367 678 3414 missione.
696 3367 755 3412 H.
781 3383 822 3412 e.
855 3367 919 3413 ita
942 3376 997 3413 ut
1019 3374 1292 3430 pugnarent
1315 3380 1470 3427 usque
1501 3364 1563 3410 ad
1596 3372 1831 3419 moi-tenu
1856 3362 1922 3408 sic
1946 3362 1995 3407 in
