2372 3918
402 244 426 288 3
435 262 458 290 2
1064 244 1110 289 C.
1145 243 1430 290 SUETONII

400 346 543 422 quod
563 346 871 402 inscribitur
896 350 1016 402 Iter.
1045 347 1296 417 Quorum
1323 344 1586 400 librorum
1612 346 1813 421 primos
1838 346 1891 399 in
1916 357 2087 402 trans-

400 447 479 500 itu
527 444 747 522 Alpium
766 488 781 516 ,
831 465 1000 520 quum
1050 466 1115 499 ex
1169 445 1414 499 citeriore
1463 442 1642 500 Gallia
1661 486 1676 514 ,
1734 445 2086 500 conventibus

399 544 626 620 peractis
642 588 658 615 ,
699 543 768 599 ad
808 544 1100 599 exercitum
1139 542 1370 613 rediret3
1413 555 1691 618 sequentes
1735 543 1835 597 sub
1875 555 2087 619 tempus

398 642 714 698 Mundensis
753 641 927 718 proelii
959 640 1116 709 fecit;
1158 641 1544 709 novissimum,
1584 641 1715 696 dum
1755 642 1823 696 ab
1858 642 1991 696 urbe
2032 643 2086 696 in

397 742 710 818 Hispaniam
746 738 1056 795 ulteriorem
1090 750 1285 814 quarto
1321 751 1375 793 et
1412 740 1664 794 vicesimo
1702 739 1789 795 die
1823 743 2083 817 pervenit.

397 838 649 915 Epistolae
679 857 895 914 quoque
923 839 1036 914 ejus
1064 836 1133 892 ad
1163 848 1409 893 senatum
1443 849 1683 905 exstant,
1716 858 1848 913 quas
1879 841 2086 914 primus

395 937 610 992 videtur
639 937 707 992 ad
736 938 957 1014 paginas
985 948 1039 992 et
1068 935 1295 992 formam
1322 934 1646 992 memorialis
1670 934 1834 990 libelli
1857 957 2083 992 conver-

396 1037 552 1108 tisse,
586 1056 756 1111 quum
786 1048 945 1091 antea
975 1033 1220 1091 consules
1248 1046 1302 1089 et
1331 1033 1493 1090 duces
1530 1035 1745 1089 nonnisi
1783 1046 2086 1090 transversa

397 1134 584 1190 charta
612 1136 835 1211 scriptas
864 1135 1154 1190 mitterent.
1178 1137 1408 1190 Exstant
1428 1146 1482 1189 et
1503 1133 1572 1189 ad
1594 1134 1934 1206 Ciceronem,
1958 1135 2084 1189 item

397 1233 466 1289 ad
507 1232 792 1289 familiares
836 1233 1138 1289 domesticis
1180 1231 1246 1288 de
1290 1233 1451 1288 rebus
1492 1253 1505 1287 ε
1547 1233 1600 1286 in
1648 1233 1844 1307 quibus
1890 1234 1934 1287 si
1976 1252 2084 1308 qua

397 1330 658 1387 occultius
693 1331 1010 1408 perferenda
1045 1343 1230 1402 erant,
1267 1352 1364 1407 per
1404 1343 1559 1386 notas
1598 1333 1841 1407 scripsit,
1880 1331 1936 1386 id
1975 1344 2084 1402 est,

397 1431 472 1485 sic
502 1441 706 1484 structo
741 1428 1043 1484 litterarum
1081 1429 1299 1498 ordine,
1339 1442 1401 1484 ut
1431 1428 1642 1484 nullum
1679 1430 1906 1483 verbum
1944 1429 2081 1484 effici

395 1539 576 1605 posset
603 1549 617 1582 ε
647 1548 766 1604 quae
800 1529 845 1582 si
872 1529 992 1603 quis
1025 1528 1343 1604 investigare
1371 1539 1425 1582 et
1454 1527 1703 1603 persequi
1730 1526 1887 1599 velit,
1917 1548 2081 1603 quar-

396 1638 507 1682 tam
533 1624 921 1681 elementorum
952 1625 1185 1680 litteram
1202 1667 1217 1696 ,
1255 1625 1311 1679 id
1338 1637 1447 1696 est,
1475 1625 1521 1680 d
1548 1646 1649 1701 pro
1678 1647 1714 1680 a
1727 1669 1745 1694 ‚
1782 1638 1835 1680 et
1862 1626 2087 1702 perinde

396 1723 629 1802 reliquas
665 1735 974 1779 commutet.
1014 1727 1285 1779 Feruntur
1325 1736 1378 1778 et
1413 1744 1445 1794 a
1481 1744 1652 1800 puero
1686 1737 1741 1779 et
1777 1724 1845 1779 ab
1878 1725 2085 1780 adoles-

398 1822 614 1879 centulo
643 1823 890 1899 quaedam
918 1824 1117 1900 scripta
1142 1843 1154 1878 ε
1180 1835 1243 1878 ut
1268 1823 1492 1880 Laudes
1519 1817 1797 1895 Hercules,
1829 1824 2087 1902 tragoedia

403 1924 496 1979 OE
495 1921 658 2000 depus
672 1965 691 1990 ,
726 1923 854 1977 item
883 1923 1051 1979 Dicta
1084 1922 1420 1979 collectanea.
1461 1923 1616 1994 Quos
1657 1942 1841 1978 omnes
1881 1921 2086 1978 libellos

395 2022 568 2077 vetuit
606 2023 884 2098 Augustus
926 2019 1220 2098 publicari,
1265 2023 1320 2076 in
1367 2021 1618 2098 epistola,
1661 2041 1825 2097 quam
1868 2021 2086 2076 brevem

395 2119 689 2175 admodum
709 2140 772 2176 ac
794 2103 1088 2196 simplicem
1108 2119 1177 2174 ad
1197 2121 1512 2196 Pompeium
1537 2122 1811 2191 Macrum,
1838 2120 1925 2175 cui
1948 2120 2087 2175 ordi-

396 2218 599 2274 nandas
627 2217 976 2274 bibliothecas
1007 2217 1371 2294 delegaverat,
1402 2220 1561 2274 misit.

472 2319 641 2373 LVII.
691 2320 983 2373 Armorum
1031 2329 1085 2372 et
1129 2317 1403 2392 equitandi
1450 2320 1803 2395 peritissimus
1823 2363 1838 2391 ,
1888 2320 2085 2376 laboris

395 2414 538 2470 ultra
566 2414 728 2470 fidem
755 2416 964 2492 patiens
990 2428 1104 2471 erat
1136 2438 1148 2470 ε
1174 2417 1229 2470 in
1253 2418 1465 2491 agmine
1491 2437 1883 2492 nonnunquam
1915 2439 2084 2493 equ0,

395 2513 587 2589 saepius
627 2513 853 2591 pedibus
893 2515 1160 2584 anteibat,
1200 2516 1374 2590 capite
1416 2515 1653 2587 detectO,
1699 2536 1792 2586 seu
1836 2516 1944 2588 sol,
1989 2539 2082 2572 seu

394 2611 564 2665 imber
598 2624 749 2666 esset.
783 2613 1143 2691 Longissimas
1173 2614 1284 2667 vias
1321 2613 1620 2668 incredibili
1651 2614 1918 2670 celeritate
1952 2637 2082 2671 con-

392 2707 542 2779 fecit,
572 2709 875 2784 expeditus,
904 2711 1177 2765 meritoria
1206 2711 1402 2781 rheda,
1432 2724 1654 2767 centena
1681 2734 1938 2788 passuum
1963 2715 2081 2769 mil-

391 2804 463 2861 lia
493 2808 549 2862 in
579 2807 817 2883 singulos
849 2808 959 2863 dies
993 2829 1006 2863 :
1036 2811 1079 2863 si
1110 2809 1333 2864 flumina
1363 2800 1729 2882 morarentur,
1762 2812 1943 2867 nando
1974 2820 2106 2868 tra-'

387 2904 604 2980 jiciens,
637 2905 718 2960 vel
750 2907 965 2962 innixus
998 2905 1194 2962 inflatis
1227 2908 1472 2979 utribuS,
1506 2921 1567 2963 ut
1596 2930 1831 2986 persaepe
1862 2914 2079 2966 nuntios

392 3001 458 3057 de
487 3023 543 3058 se
569 3006 900 3080 praevenerit.

473 3103 668 3158 LVIII.
712 3105 778 3158 In
814 3105 1075 3159 obeundis
1110 3104 1535 3181 expeditionibus
1577 3107 1834 3179 dubium,
1872 3110 2080 3164 cautior

393 3221 461 3256 an
513 3200 811 3257 audentior.
862 3204 1171 3258 Exercitum
1222 3224 1394 3278 neque
1438 3226 1534 3281 per
1584 3205 1838 3260 insidiosa
1888 3208 2078 3262 itinera
