2372 3918
1078 240 1261 286 NERO.
1929 239 1987 285 26
2000 255 2014 284 ι

438 350 560 396 Dum
588 348 740 395 tendit
773 346 996 394 citharam
1021 351 1207 400 noster,
1235 342 1347 388 dum
1373 357 1551 388 cornua
1579 344 1795 402 Parthus,

500 427 672 473 Noster
697 424 785 471 erit
814 425 975 479 Paean,
999 418 1428 480 ille-lixamsstuvng.

435 562 587 607 Roma
610 559 778 606 domus
807 556 888 604 fiet
914 573 926 602 ε
959 555 1106 602 Veios
1126 555 1349 616 migrate,
1383 553 1610 612 Quirites,

499 638 549 685 si
570 652 670 683 non
695 644 742 682 et
763 634 908 681 Veios
937 642 1136 694 occupat
1163 632 1250 679 ista
1281 632 1462 678 domus.

306 771 415 829 Sed
445 791 620 849 neque
660 782 914 827 auctores
940 769 1193 846 requisiit
1224 790 1237 825 ε
1264 780 1320 825 et
1345 766 1612 845 quosdam
1659 786 1755 844 per
1786 767 2021 826 indicem

306 871 511 929 delatos
556 870 625 927 ad
667 882 946 941 senatum,
994 869 1141 927 affici
1193 869 1445 947 graviore
1494 886 1657 946 poena
1711 868 2017 945 prohibuit.

304 974 698 1028 Transeuntem
745 970 991 1029 Isidorus
1034 970 1275 1047 Cynicus
1321 969 1379 1024 in
1422 965 1649 1046 publico
1690 965 1841 1024 clara
1890 989 2023 1026 voce

304 1072 677 1148 corripuerat,
721 1070 913 1148 «quod
957 1068 1185 1148 Nauplii
1219 1067 1363 1125 mala
1406 1067 1546 1124 bene
1574 1067 1892 1138 cantitaret,
1925 1089 2025 1125 sua

305 1173 451 1228 bona
479 1170 621 1229 male
655 1171 987 1251 disponeret.
1005 1197 1033 1225 n
1067 1173 1139 1229 Et
1173 1172 1375 1242 DatuS,
1404 1167 1765 1226 atellanarum
1793 1169 1991 1226 histrio
2009 1213 2025 1241 ,

303 1274 360 1329 in
391 1274 608 1331 cantico
635 1273 904 1351 quodam,
937 1273 1136 1341 ὑγίαινε
1171 1269 1354 1345 πάτερ,
1379 1271 1579 1339 ὑγίαινε
1602 1268 1801 1344 μ’ἧτερ,
1835 1271 1910 1327 ita
1935 1270 2026 1326 de-

305 1375 733 1446 monstraverat,
755 1387 819 1430 ut
840 1374 1121 1430 bibentem
1149 1384 1542 1448 natantemque
1564 1370 1792 1440 faceret,
1815 1371 2021 1427 exitum

307 1472 514 1531 seilicet
534 1474 753 1532 Claudii
779 1475 1205 1553 Agrippinaeque
1247 1473 1559 1551 significans
1596 1493 1609 1527 ε
1646 1483 1699 1527 et
1740 1472 1795 1527 in
1842 1472 2021 1528 novis·

306 1575 440 1630 sima
471 1571 740 1646 clausula,

622 1716 770 1762 Orcus
800 1715 938 1762 vobis
964 1715 1094 1764 ducit
1115 1714 1284 1776 pedeS,

305 1850 553 1896 senatum
581 1851 737 1916 gestu
764 1850 999 1896 notaret.
1026 1839 1361 1895 Histrionem
1386 1849 1440 1893 et
1461 1834 1852 1914 philosophum
1873 1839 2023 1894 Nero

306 1937 443 1996 nihil
468 1937 727 2017 ampliuS,
753 1960 918 2016 quam
941 1939 1090 1996 Urbe
1116 1937 1388 2016 Italiaque
1420 1925 1743 2006 summovit,
1777 1935 1861 1992 vel
1890 1957 2022 1993 con-

307 2052 474 2097 temtu
509 2041 689 2097 omnis
727 2039 987 2111 infamiae,
1023 2038 1111 2096 vel
1142 2061 1211 2096 ne
1240 2038 1462 2096 fatendo
1501 2037 1748 2096 dolorem
1781 2038 2023 2095 irritaret

308 2142 538 2219 ingenia.

386 2244 503 2298 XL.
533 2240 721 2298 Talem
752 2243 1056 2319 principem
1087 2239 1250 2320 paulo
1276 2242 1457 2299 minus
1487 2240 1903 2319 quatuordecim
1931 2262 2026 2299 an-

307 2361 406 2397 nos
429 2361 714 2419 perpessus
742 2354 1014 2398 terrarum
1036 2342 1211 2412 orbiS,
1243 2339 1465 2398 tandem
1494 2340 1769 2414 destituit3
1800 2342 2022 2399 initium

305 2440 632 2497 facientibus
679 2439 879 2514 Gallis,
925 2441 1065 2499 duce
1095 2441 1241 2499 Julio
1279 2440 1540 2511 Vindice,
1593 2442 1686 2519 qui
1730 2454 1851 2499 tum
1900 2462 2021 2498 eam

307 2541 647 2618 provinciam
683 2554 1018 2619 propraetore
1048 2542 1348 2600 obtinebat.
1379 2541 1711 2600 Praedictum
1746 2563 1777 2598 a
1812 2541 2024 2600 mathe-

307 2641 518 2698 maticis
551 2642 761 2699 Neroni
789 2640 922 2698 olim
948 2655 1097 2716 erat,
1127 2642 1279 2716 fore,
1313 2654 1376 2700 ut
1405 2640 1738 2723 quandoque
1764 2640 2025 2699 destitue-

307 2753 460 2797 retur
494 2761 506 2796 :
541 2739 686 2796 unde
718 2738 811 2799 illa
845 2761 950 2797 vox
982 2741 1099 2818 ejus
1130 2740 1510 2814 celeberrima,
1552 2739 1604 2802 τό
1643 2750 1837 2814 τεχνίον
1876 2740 2025 2800 πᾶσα

307 2849 438 2909 γαΐα
460 2832 646 2914 τρέφει·
671 2860 781 2917 quo
811 2840 1018 2917 majore
1047 2840 1250 2899 scilicet
1281 2841 1440 2897 venia
1472 2840 1832 2900 meditaretur
1855 2843 2027 2899 citha·

310 2939 567 2998 roedicam
599 2951 803 3012 artem,
836 2940 1073 3018 principi
1119 2941 1222 2999 sibi
1253 2952 1494 3019 gratam,
1533 2943 1748 3020 privato
1778 2962 2022 2999 necessa·

309 3042 464 3097 riam.
515 3038 936 3118 spoponderant
983 3053 1163 3098 tamen
1207 3040 1430 3119 quidam
1473 3040 1734 3101 destituto
1777 3043 2023 3099 Orientis

310 3141 770 3214 dominationem,
805 3141 1056 3200 nonnulli
1096 3142 1417 3199 nominatim
1447 3163 1679 3220 regnum
1709 3141 2021 3220 Hierosoly-

312 3261 557 3315 morum,
589 3240 772 3319 plures
809 3243 984 3299 omnis
1029 3243 1270 3320 pristina}
1319 3242 1553 3298 sortuuae
1602 3243 2020 3299 restitutionem.
