2372 3918
752 228 819 272 IN
856 227 1047 271 vespa
1057 222 1316 268 simum.
1475 204 1478 208 ’
1804 211 1892 259 301

700 442 778 497 IN
822 437 1366 496 VESPASIANUM.

243 681 397 724 Cum·
412 676 449 719 1.
469 675 705 718 Reatinus.
735 673 794 716 H.
824 687 864 715 e.
891 669 1121 715 oriundus
1147 669 1320 722 Reate,
1337 667 1472 728 quod
1497 678 1595 715 erat
1620 667 1905 714 Sabinorum

176 756 422 818 oppidum.
448 752 517 799 Cf.
543 752 782 796 Srmnon.
798 783 811 806 ‚
835 765 880 803 v,
903 763 951 808 p.
983 746 1090 804 157,
1116 754 1162 791 et
1174 745 1380 790 Cunna.
1395 781 1409 806 ‚
1429 747 1594 808 Geogr.
1613 748 1749 799 Ant„
1767 760 1830 800 11,
1846 758 1876 803 9
1894 777 1907 800 ,

174 852 221 895 P·
248 833 355 891 778·

245 914 489 957 Evocatus.
520 911 692 957 Iisdem
714 904 983 953 honoribus
1016 901 1269 946 utebantur
1296 900 1502 958 evocati,
1531 905 1706 963 quibus
1737 911 1906 949 centu-

179 989 348 1034 riones.
376 989 445 1034 Cf.
476 983 610 1033 Galb.
628 1021 642 1040 ‚
668 1002 714 1032 x.
768 1002 771 1004 “

246 1067 506 1112 Factita'vit.
540 1067 597 1111 H.
625 1080 664 1109 e.
704 1062 795 1108 fuit
832 1070 1022 1106 coactor
1042 1063 1345 1122 argentarius
1381 1079 1396 1105 .-
1428 1069 1563 1105 erant
1603 1069 1760 1106 autem
1797 1075 1911 1105 coa-

178 1153 322 1187 ctores
361 1143 648 1202 argentarii,
686 1139 771 1201 qui
814 1137 1040 1198 pecunias
1074 1137 1123 1182 in
1161 1137 1462 1183 auctionibus
1497 1137 1746 1200 cogebant.
1789 1136 1911 1181 Vide

182 1220 345 1264 Neron.
356 1254 371 1276 ,
386 1235 430 1263 v.

246 1298 534 1342 Publicum...
572 1297 679 1358 egit.
709 1296 767 1340 H.
805 1311 843 1340 e.
887 1293 1166 1354 procuravit
1197 1293 1389 1338 nomine
1423 1292 1657 1338 societatis
1693 1291 1911 1353 publica-

181 1389 371 1419 norum.
408 1380 411 1382 ’
1761 1432 1764 1433 ⁷

255 1451 401 1495 Urbis.
435 1451 670 1496 Plutarch.
683 1485 697 1508 ,
736 1451 785 1495 in
823 1450 1024 1506 othon„
1054 1465 1105 1509 p.
1156 1449 1279 1495 1068
1316 1465 1327 1493 τ
1366 1460 1446 1504 Τῆς
1483 1450 1533 1496 δὲ
1575 1444 1915 1510 i’oigmcskpx'amm

179 1535 366 1577 Φλαοὺἵον
393 1532 560 1577 Σαῧῖνον
587 1531 759 1592 ἀδελφὸν
786 1537 1100 1577 Οὐεσπασιανοῦ
1122 1536 1375 1579 κατέστησεν
1409 1522 1524 1586 (wil-
1551 1521 1713 1584 Otho)-

250 1605 452 1650 Nursioe.
479 1603 601 1650 Vide
624 1607 776 1665 Aug.,-
801 1620 892 1649 xn.

249 1681 545 1740 Proefhctum.
566 1683 712 1742 Cujus
740 1681 1076 1742 occupationes
1105 1681 1274 1727 edocet
1289 1681 1478 1741 Veget.,
1500 1694 1541 1723 11
1555 1713 1569 1737 ,
1588 1693 1659 1724 10.
1677 1676 1747 1722 Cf.
1765 1676 1892 1721 Lus.
1905 1710 1918 1732 ‚

184 1761 382 1804 Excurs.
411 1761 457 1805 ιἰι
487 1761 629 1805 Tacit.
653 1762 828 1805 Annal.
846 1794 860 1816 ‚
891 1776 910 1805 1
929 1794 942 1817 ‚
976 1774 1051 1804 20.

257 1838 535 1898 Operm-um.
551 1838 880 1898 —Mancipes
904 1852 1155 1897 operarum
1181 1844 1337 1891 erant,
1361 1834 1447 1894 qui
1472 1848 1640 1894 operas
1671 1832 1773 1878 illas
1798 1847 1938 1898 con—¹

183 1914 444 1970 ducebant,
472 1922 517 1958 et
541 1914 711 1973 majori
735 1913 951 1959 mercede
967 1948 980 1970 ,
1005 1929 1147 1975 quam
1168 1912 1260 1973 ipsi
1287 1910 1520 1958 dederant
1535 1945 1548 1968 ,
1571 1910 1922 1971 possessoribus

183 2004 403 2051 agrorum
436 1991 696 2036 elocabant.
1074 1979 1080 1983 ,

253 2069 359 2113 Cn.
388 2068 450 2112 11.
482 2068 765 2113 Consulibus.
791 2070 847 2113 A.
872 2070 931 2114 U.
962 2068 1071 2125 762.

258 2144 465 2190 Cosanis.
502 2146 556 2189 In
601 2145 805 2190 Etruria.
842 2144 911 2190 Cf.
953 2145 1219 2201 STRABON„
1259 2161 1303 2202 v,
1342 2161 1389 2205 p.
1437 2142 1552 2202 156,
1595 2153 1641 2189 et
1679 2146 1922 2201 Cusvmz„

190 2223 294 2267 Ital.
320 2223 455 2277 Ant„
482 2237 546 2278 n,
584 2236 639 2278 α,
666 2236 743 2266 21.

258 2299 565 2344 Sollemnibus
589 2298 819 2358 acfhstis.
846 2301 904 2344 H.
931 2315 970 2344 e.
997 2298 1217 2359 privatim
1239 2300 1314 2344 vel
1341 2300 1533 2360 publice
1558 2300 1878 2346 sollemnibus.

258 2372 454 2438 Adepto.
472 2376 706 2422 Nimirum
730 2376 875 2421 frater
898 2375 1131 2422 beneficio
1153 2376 1382 2438 principis
1398 2387 1643 2438 acceperat
1664 2380 1809 2423 latum
1825 2378 1925 2422 cla-

197 2468 337 2510 vum,
361 2454 574 2513 quamvis
600 2470 624 2498 e
648 2462 787 2514 gente
812 2454 1045 2499 senatoria
1068 2470 1168 2498 non
1191 2462 1338 2499 ortus.

261 2530 693 2576 Anteambulonem.
724 2530 847 2588 Quia
865 2547 972 2575 cum
996 2531 1140 2576 fratre
1169 2539 1471 2591 praetextato‚
1495 2541 1541 2577 et
1566 2531 1825 2588 laticlavio,
1853 2532 1927 2576 al-

192 2608 334 2653 batus
359 2608 540 2654 solebat
563 2624 675 2654 esse.
710 2610 862 2670 Reges
890 2617 1044 2653 autem
1081 2609 1172 2670 ipsi
1207 2610 1471 2669 praetextati
1495 2612 1684 2666 Romae3
1716 2609 1929 2654 clientuli

196 2684 292 2730 sive
317 2685 696 2731 anteambulones
726 2685 796 2731 illi
825 2686 982 2732 albati.
1010 2687 1237 2745 Martial.,
1264 2703 1324 2743 11,
1364 2687 1448 2744 18,
1477 2685 1503 2731 5
1537 2703 1547 2731 ε

373 2813 467 2851 Sum
492 2825 619 2853 comes
643 2812 725 2867 ipse
748 2820 859 2864 tuus,
885 2813 1103 2868 tumidique
1129 2814 1381 2855 anteambulo
1405 2814 1520 2869 regis.

264 2935 495 2993 Sextoque
511 2935 623 2977 loco.
649 2934 706 2979 H.
731 2948 771 2980 e.
797 2934 989 2980 ultimus
1013 2934 1317 2980 renunciatus
1342 2944 1423 2981 est.
1449 2937 1664 2981 Docente
1678 2936 1750 2982 Cl.
1774 2936 1929 2990 Hase,

200 3010 392 3056 aedilitas
425 3009 629 3069 pertinet
663 3011 724 3056 ad
754 3012 860 3057 ann.
892 3027 1010 3073 7913
1034 3021 1238 3072 praetura
1263 3012 1323 3058 ad
1347 3028 1454 3058 ann.
1495 3028 1605 3074 79²·
1640 3014 1783 3058 Istam
1814 3027 1931 3057 vero

202 3086 514 3148 Oudendorp.
546 3102 652 3132 ann.
681 3090 774 3148 793
799 3089 981 3134 tribuit.

273 3164 640 3220 Conjuratorum.
655 3165 762 3211 Scil.
778 3166 946 3227 Lepidi
972 3176 1016 3211 et
1045 3167 1284 3222 Gaetulici,
1303 3183 1423 3228 quos
1445 3175 1598 3213 morte
1622 3166 1747 3213 affici
1768 3170 1931 3226 jusse-

204 3249 275 3286 rat
305 3240 458 3286 Caius.
483 3241 550 3287 Cf.
580 3244 796 3300 Josnpm,
825 3247 932 3288 Ant.
957 3246 1093 3300 Jud„
1127 3260 1235 3297 xix,
1268 3260 1283 3288 1
1302 3278 1314 3301 ,
1341 3253 1386 3289 et
1410 3246 1557 3289 Dion.
1576 3278 1588 3301 ,
1613 3260 1719 3301 mx,
1747 3260 1794 3304 p.
1822 3243 1928 3303 657.
