2372 3918
876 291 1208 339 CALIGULA.
1811 305 1900 349 ¹77

191 396 442 454 Tiberius
491 407 717 475 propter
766 394 1039 452 assiduam
1088 406 1146 451 et
1188 394 1653 472 ingravescentem
1704 395 1899 452 tussim

190 496 590 554 medicamento
630 514 762 553 usus
796 506 952 551 esset.
988 495 1131 552 Nam
1165 492 1458 550 Claudium
1494 503 1751 569 patruum
1786 513 1899 550 non

192 596 296 652 nisi
328 596 386 652 in
416 593 714 652 ludibrium
743 594 1054 650 reservavit.

273 697 478 754 XXIV.
508 696 651 752 Cum
678 694 935 751 omnibus
960 693 1239 750 sororibus
1266 693 1379 749 suis
1401 691 1578 769 stupri
1604 703 1901 748 consuetu-

192 795 378 852 dinem
396 794 523 852 fecit
542 815 555 849 ε
577 781 851 873 plenoque
873 792 1128 850 convivio
1152 790 1393 870 singulas
1414 790 1555 847 infra
1580 811 1638 847 se
1664 790 1903 847 vicissim

192 894 524 966 collocabat,
556 914 726 950 uxore
757 912 921 970 supra
963 893 1217 949 cubante.
1251 895 1335 950 Ex
1367 891 1454 947 his
1490 888 1793 948 Drusillam
1822 891 1905 946 vi-

193 995 351 1051 tiasse
367 994 661 1071 virginem,
681 1004 1029 1070 praetextatus
1047 992 1254 1065 adhuc,
1274 990 1533 1063 creditur,
1555 1002 1720 1066 atque
1739 990 1905 1046 etiam

193 1095 249 1149 in
269 1094 562 1151 concubitu
584 1093 700 1170 ejus
718 1093 996 1170 quondam
1014 1092 1386 1171 deprehensus
1404 1092 1471 1148 ab
1486 1091 1728 1149 Antonia
1756 1091 1905 1163 avia,

190 1193 340 1270 apud
370 1214 535 1270 quam
562 1193 723 1250 simul
756 1193 1146 1251 educabantur.
1172 1195 1309 1250 Mox
1336 1187 1511 1249 Lucio
1537 1192 1724 1248 Cassio
1754 1193 1906 1248 Lon-

193 1293 322 1370 gino
349 1292 621 1350 consulari
655 1293 978 1351 collocatam
1019 1294 1246 1350 abduxit
1267 1336 1282 1364 ,
1315 1305 1368 1350 et
1404 1294 1460 1348 in
1492 1291 1720 1348 modum
1745 1292 1905 1368 justae

193 1393 377 1449 uxoris
404 1392 688 1470 propalam
722 1395 933 1451 habuit.
964 1393 1233 1452 Heredem
1266 1414 1485 1471 quoque
1518 1393 1793 1448 bonorum
1819 1403 1904 1446 at-

194 1511 302 1567 que
341 1492 555 1570 imperii
595 1495 1020 1571 aeger-instituit.
1053 1494 1259 1551 Eadem
1298 1493 1590 1564 defuncta,
1629 1493 1904 1569 justitium

195 1589 423 1648 indixit:
448 1594 504 1648 in
528 1614 639 1670 quo
658 1594 839 1650 risisse
855 1638 870 1665 ‚
894 1593 1114 1664 lavisse,
1136 1614 1377 1651 coenasse
1403 1615 1531 1650 cum
1555 1593 1873 1670 parentibus
1891 1634 1907 1664 ,

195 1703 292 1747 aut
325 1694 556 1770 conjuge
584 1693 881 1766 'liberisve,
922 1693 1120 1771 capital
1156 1694 1275 1750 fuit.
1319 1697 1399 1751 Ac
1435 1694 1687 1749 moeroris
1728 1694 1907 1770 impa-

193 1789 374 1861 tienS,
421 1812 593 1868 quum
641 1806 1186 1870 repente‘noctuque
1233 1794 1563 1872 profugisset
1607 1795 1674 1848 ab
1717 1793 1910 1862 Urbe,

193 1894 780 1970 transcucurrissetque
810 1896 1199 1972 Campaniam,
1232 1897 1523 1970 Syracusas
1560 1893 1751 1970 petiit,
1783 1892 1909 1947 rur-

194 2010 393 2067 susque
427 1991 555 2048 inde
587 2014 821 2070 propere
855 1995 1049 2068 rediit,
1081 1994 1254 2050 barba
1280 1992 1589 2070 capilloque
1619 1994 1906 2071 promisso.

193 2092 313 2148 Nec
351 2112 596 2168 unquam
635 2106 824 2171 postea
868 2095 1305 2172 quantiscunque
1350 2094 1418 2150 de
1454 2094 1654 2167 rebuS,
1694 2114 1762 2149 ne
1803 2113 1906 2170 pro

198 2190 461 2248 concione
499 2191 722 2268 quidem
762 2193 987 2272 populi,
1025 2207 1122 2250 aut
1159 2194 1308 2271 apud
1346 2193 1580 2267 milites,
1620 2194 1733 2250 nisi.
1761 2218 1788 2246 t(
1817 2214 1917 2270 per

194 2310 401 2347 numen
431 2290 688 2371 Drusillae
711 2318 737 2346 »
763 2293 1043 2372 dejeravit.
1080 2294 1342 2371 Reliquas
1371 2315 1585 2350 sorores
1619 2314 1720 2350 nec
1757 2294 1915 2370 cupi·

196 2388 364 2447 ditate
398 2403 581 2471 tanta,
617 2414 718 2476 nec
754 2394 1071 2471 dignatione
1101 2393 1324 2467 dilexit,
1352 2406 1411 2450 ut
1444 2414 1580 2471 quas
1612 2414 1752 2470 saepe
1787 2413 1918 2448 exo-

197 2491 317 2548 letis
346 2492 458 2550 suis
489 2496 866 2571 prostraverit.
901 2496 1030 2567 Quo
1059 2493 1269 2551 facilius
1303 2515 1392 2551 eas
1424 2496 1480 2551 in
1513 2514 1677 2550 causa
1709 2492 1916 2550 AEmilii

197 2593 392 2669 Lepidi
425 2593 840 2668 condemnavit,
865 2596 1020 2672 quasi
1052 2594 1355 2666 adulteraS,
1389 2607 1441 2651 et
1467 2594 1792 2651 insidiarum
1826 2592 1921 2649 ad-

199 2712 386 2748 versus
413 2713 470 2748 se
494 2695 753 2750 consciaS.
782 2697 901 2752 Nec
929 2694 1107 2751 solum
1136 2695 1501 2774 chirographa
1531 2695 1807 2763 omnium,
1835 2713 1923 2748 re-

202 2794 398 2870 quisita
426 2793 617 2850 fraude
644 2815 706 2850 ac
733 2807 954 2872 stupr0,
984 2795 1309 2872 divulgavit,
1341 2796 1435 2852 sed
1459 2808 1514 2852 et
1543 2808 1654 2852 tres
1683 2794 1923 2872 gladios,

202 2896 259 2950 in
286 2915 471 2950 necem
494 2915 645 2950 suam
675 2908 1033 2973 praeparatOS,
1060 2896 1225 2952 Marti
1252 2894 1470 2968 Ultori,
1493 2894 1681 2952 addito
1705 2893 1884 2972 elogio
1906 2936 1921 2963 ‚

199 2998 554 3054 consecravit.

282 3100 462 3155 XXV.
496 3099 856 3156 Matrimonia
883 3099 1220 3155 contraxerit
1246 3099 1460 3175 turpius
1477 3140 1491 3169 ,
1518 3116 1587 3152 an
1624 3096 1924 3168 dimiserit,

206 3219 277 3254 an
302 3200 571 3270 tenuerit,
590 3220 702 3254 non
721 3212 801 3255 est
824 3199 981 3256 facile
1003 3199 1329 3255 discernere.
1350 3199 1565 3255 Liviam
1581 3196 1894 3254 Orestillam
1909 3238 1923 3267 ,

208 3300 268 3355 C.
297 3301 480 3356 Pisoni
506 3300 832 3370 nubentem,
860 3321 1029 3377 quum
1062 3300 1128 3356 ad
1159 3299 1400 3356 officium
1432 3312 1486 3354 et
1513 3301 1630 3377 ipse
1659 3300 1925 3364 venisset,

450 3421 487 3455 x.
1617 3419 1679 3455 12
