2372 3918
761 278 1066 325 OCTAVIUS
1103 275 1441 321 AUGUSTUS.
1890 274 1950 321 85

234 383 512 462 quondam
547 381 942 463 sponsaliorum
977 380 1065 437 die
1099 391 1341 437 vexatus.
1380 377 1604 438 Gallum
1637 381 1950 437 Terrinium

234 497 568 559 senatorem,
603 484 784 541 minus
818 482 919 539 sibi
962 478 1311 554 familiarem,
1343 479 1437 537 sed
1474 492 1697 558 captum
1729 493 1953 558 repente

234 582 434 655 oculis,
462 597 518 641 et
548 584 620 641 ob
651 583 706 639 id
738 581 915 639 inedia
949 581 1090 638 mori
1123 580 1521 651 destinantem,
1558 600 1795 659 praesens
1824 600 1954 637 con-

236 682 461 741 solando
492 683 769 741 revocavit
798 682 868 739 ad
898 683 1083 738 vitam.

313 787 456 843 LIV.
507 787 572 842 In
610 794 803 841 senatu
836 784 1002 840 verba
1038 782 1256 839 facienti
1291 781 1498 839 dictum
1527 795 1638 855 est,
1668 784 1837 840 «Non
1873 783 1955 837 in·

237 885 414 942 tellexi
445 906 506 942 z»
549 896 603 941 et
649 886 719 942 ab
765 883 905 958 ali0‚
953 883 1448 941 «contradicerem
1498 884 1633 957 tibi,
1682 882 1727 939 si
1771 881 1955 939 locum

236 986 511 1043 haberem.
529 1010 556 1038 >›
582 985 869 1042 Interdum
894 984 966 1041 ob
991 983 1313 1041 immodicas
1340 983 1720 1044 altercationes
1743 983 1957 1060 discep-

236 1087 469 1142 tantium
508 1107 539 1142 e
573 1087 727 1142 curia
758 1107 855 1164 per
890 1087 1026 1142 iram
1064 1105 1120 1142 se
1155 1085 1477 1162 proripienti
1515 1083 1737 1161 quidam
1781 1085 1957 1162 inges-

235 1199 453 1259 serunt,
490 1187 727 1243 «Licere
769 1198 1022 1264 oportere
1057 1186 1401 1243 senatoribus
1442 1185 1509 1242 de
1549 1184 1829 1263 republica
1881 1182 1959 1239 lo-

238 1287 394 1362 qui.»
423 1288 693 1344 Antistius
728 1287 912 1344 Labeo
951 1300 1170 1344 senatus
1205 1286 1463 1361 lectione,
1498 1307 1671 1364 quum
1711 1285 1961 1342 triumvi-

240 1407 361 1442 rum
405 1385 608 1465 legeret
648 1390 728 1445 M.
763 1387 1070 1465 Lepidum,
1103 1389 1315 1445 hostem
1364 1386 1496 1443 olim
1541 1388 1692 1464 ejus,
1732 1399 1787 1442 et
1829 1398 1962 1441 tunc

238 1485 601 1559 exsulantem,
627 1485 845 1567 [legit3]
876 1490 1242 1566 interrogatus
1267 1485 1436 1568 [que]
1466 1488 1534 1544 ab
1566 1508 1655 1560 ec,
1686 1508 1753 1543 an
1785 1498 1963 1542 essent

240 1585 329 1642 alii
347 1586 649 1665 dignioreS,
666 1591 871 1644 «Suum
887 1609 1160 1665 quemque
1172 1588 1442 1665 judicium
1461 1588 1682 1661 habere,
1698 1614 1724 1641 »
1743 1607 1963 1664 respon·

240 1686 337 1742 dit.
357 1688 474 1744 Nec
490 1686 615 1742 ideo
638 1686 858 1744 libertas
876 1701 973 1743 aut
995 1689 1341 1744 contumacia
1366 1687 1545 1744 fraudi
1570 1690 1823 1764 cuiquam
1843 1688 1963 1743 fuit.

322 1789 436 1845 LV.
484 1787 667 1844 Etiam
711 1808 924 1865 sparsos
969 1788 1037 1843 de
1080 1809 1136 1844 se
1180 1788 1236 1843 in
1277 1789 1429 1844 curia
1475 1788 1711 1845 famosos
1753 1785 1966 1842 libellos

240 1909 341 1944 nec
372 1888 614 1965 expavit,
644 1908 745 1944 nec
773 1909 971 1966 magna
999 1908 1131 1944 cura
1162 1887 1445 1967 redarguit
1474 1911 1487 1944 ε
1517 1910 1605 1962 ac,
1640 1910 1710 1944 ne
1740 1886 1969 1964 requisi-

241 1989 311 2045 tis
343 1987 565 2065 quidem
596 1989 939 2060 auctoribuS,
969 1988 1023 2043 id
1054 1988 1221 2046 modo
1253 1988 1492 2062 censuit,
1521 1987 1966 2068 cognoscendum

243 2090 470 2165 posthac
511 2089 578 2146 de
622 2089 715 2162 iis,
757 2090 851 2166 qui
889 2086 1100 2145 libellos
1139 2101 1234 2146 aut
1285 2089 1532 2146 carmina
1569 2088 1638 2145 ad
1690 2088 1968 2145 infamiam

241 2190 547 2267 cujuspiam
583 2190 683 2245 sub
715 2189 896 2245 alieno
928 2191 1153 2246 nomine
1187 2189 1370 2245 edant.
1400 2190 1544 2246 Jocis
1576 2210 1797 2267 quoque
1829 2209 1966 2265 quo-

242 2289 494 2346 rumdam
536 2289 818 2346 invidiosis
856 2301 950 2346 aut
986 2289 1360 2368 petulantibus
1399 2289 1712 2363 lacessituS,
1749 2302 1970 2347 contra-

167 2400 170 2403 “
244 2391 382 2447 dixit
420 2389 614 2447 edicto.
651 2393 721 2447 Et
755 2402 936 2446 tamen
972 2390 1040 2446 de
1074 2390 1372 2447 inhibenda
1411 2402 1867 2447 testamentorum
1909 2389 1974 2445 li-

246 2492 424 2547 centia
453 2512 521 2547 ne
552 2493 847 2568 quicquam
880 2492 1338 2562 constitueretur,
1367 2491 1689 2548 intercessit.

327 2594 470 2648 LVI.
515 2592 751 2664 Quoties
786 2592 1210 2670 magistratuum
1250 2592 1488 2647 comitiis
1525 2592 1840 2660 interesset,
1880 2592 1975 2646 tri·

249 2693 350 2747 bus
402 2711 528 2746 cum
585 2690 890 2747 candidatis
942 2693 1053 2748 suis
1094 2692 1432 2748 circumibat
1453 2734 1467 2762 ,
1521 2690 1975 2769 supplicabatque

251 2812 403 2848 more
437 2789 682 2846 solemni.
720 2791 946 2846 Ferebat
994 2803 1048 2846 et
1085 2791 1201 2867 ipse
1235 2791 1560 2868 suffragium
1596 2792 1651 2846 in
1689 2791 1973 2860 tribubuS‚

253 2906 313 2948 ut
343 2912 486 2948 unus
514 2912 544 2947 e
576 2890 798 2968 populo,
831 2893 1047 2946 Testem
1084 2911 1140 2946 se
1179 2891 1235 2946 in
1265 2891 1486 2967 judiciis
1522 2903 1576 2948 et
1612 2891 1976 2968 interrogari,

252 3005 308 3048 et
330 2988 527 3063 refelli,
553 2991 862 3068 aequissimo
890 2991 1075 3047 animo
1104 2990 1430 3067 patiebatur.
1462 2994 1666 3048 Forum
1688 2992 1977 3069 angustius

254 3093 411 3163 fecit,
443 3112 553 3147 non
584 3112 745 3147 ausus
774 3103 1100 3166 extorquere
1133 3090 1533 3167 possessoribus
1565 3090 1844 3169 proximas
1881 3090 1978 3146 do-

258 3215 390 3250 mos.
423 3196 723 3268 Nunquam
755 3190 893 3248 filios
921 3212 1046 3248 suos
1077 3190 1284 3269 populo
1317 3190 1743 3263 commendavit,
1773 3203 1834 3246 ut
1865 3212 1974 3246 non

260 3293 547 3371 adjiceret,
573 3292 672 3348 «Si
699 3291 1120 3349 merebuntur.»
1142 3291 1384 3366 Eisdem,
1413 3290 1743 3368 praetextatis
1767 3287 1975 3362 adhue,
