2372 3918
899 253 1310 312 no'm'rnmus
1913 267 1973 325 73

246 370 452 429 Eadem
488 369 782 428 formidine
808 367 1054 427 oblatum
1087 389 1121 426 a
1153 381 1344 426 senatu
1376 389 1584 426 novum
1616 383 1672 428 et
1698 372 1974 451 excogita·

247 484 366 529 tum
398 472 697 544 honorem,
733 488 1066 548 quamquam
1096 471 1345 527 omnium
1373 467 1565 526 talium
1598 472 1977 548 appetentissi-

244 593 368 629 mus
378 615 394 644 ,
419 572 725 630 recusavit:
746 591 859 648 quo
881 568 1163 627 decretum
1189 582 1337 641 erat,
1363 581 1489 641 «ut,
1519 571 1737 647 quoties
1764 583 1977 650 gereret

244 671 623 743 consulatum,
647 672 856 748 equites
878 671 1126 743 romani,
1157 670 1357 748 quibus
1381 690 1499 727 sors
1523 669 1837 747 obtigisset,
1869 683 1977 728 tra·

243 773 389 830 beati
418 785 472 830 et
501 793 634 831 cum·
657 772 828 828 hastis
867 769 1203 828 militaribus
1239 770 1614 850 praecederent
1643 791 1803 841 eum,
1835 772 1978 828 inter

243 871 464 931 lictores
507 873 976 951 apparitoresque.
1002 896 1030 925 »
1064 874 1339 950 Tempore
1382 892 1512 928 vero
1557 872 1798 950 suspecti
1835 873 1979 949 peri-

241 971 351 1030 culi
383 973 893 1051 appropinquante,
935 970 1222 1028 sollicitior
1261 972 1319 1028 in
1354 971 1504 1040 dies,
1544 972 1887 1050 porticuum,
1921 971 1978 1027 in

241 1073 442 1149 quibus
476 1072 702 1150 spatiari
737 1084 1061 1144 consuerat,
1092 1074 1328 1150 parietes
1371 1073 1634 1152 phengite
1671 1070 1855 1151 lapide
1898 1071 1980 1128 di-

239 1174 429 1229 stinxit
449 1216 464 1244 ,
507 1193 538 1229 e
579 1173 737 1250 cujus
785 1170 1080 1254 splendore
1130 1194 1229 1251 per
1278 1165 1545 1252 imagines
1570 1217 1586 1243 ‚
1634 1170 1900 1251 quicquid
1948 1193 1977 1229 a

239 1286 395 1352 tergo
440 1273 629 1347 fieret,
680 1273 1013 1353 provideret.
1053 1277 1174 1333 Nec
1220 1275 1326 1332 nisi
1369 1287 1579 1332 secreto
1624 1287 1789 1352 atque
1830 1273 1979 1332 solus

237 1374 530 1454 plerasque
549 1376 861 1447 custodias,
889 1378 1121 1456 receptis
1146 1397 1369 1454 quoque
1401 1378 1459 1434 in
1488 1397 1714 1434 manum
1744 1377 1979 1449 catenis,

239 1476 513 1534 audiebat.
539 1476 1065 1555 thue-domesticis
1094 1477 1475 1555 persuaderet,
1492 1498 1562 1534 ne
1582 1478 1732 1535 bono
1752 1476 1980 1556 quidem

240 1576 492 1656 exemplo
526 1577 838 1636 audendam
875 1599 992 1635 esse
1026 1579 1248 1656 patroni
1282 1599 1506 1651 necem,
1536 1578 1980 1658 Epaphroditum

241 1699 271 1735 a
304 1677 502 1735 libellis
533 1678 755 1757 capitali
788 1700 950 1757 poena
975 1679 1387 1754 condemnavit,
1419 1679 1568 1758 quod
1594 1692 1721 1758 post
1748 1679 1982 1738 destitu-

242 1780 450 1836 tionem
491 1781 642 1836 Nero
688 1781 746 1836 in
786 1779 1141 1858 adipiscenda
1177 1792 1358 1837 morte
1399 1800 1568 1837 manu
1601 1781 1719 1858 ejus
1757 1781 1980 1860 adjutus

237 1880 672 1937 existimabatur.
1456 1949 1458 1952 .

316 1983 442 2039 XV.
480 1982 735 2060 Denique
768 1981 1020 2040 Flavium
1057 1982 1398 2042 Clementem
1439 1984 1749 2064 patruelem
1781 2006 1979 2058 suum,

237 2080 681 2140 contemtissimae
711 2083 946 2157 inertiae,
971 2086 1128 2163 cujus
1153 2085 1323 2161 filios,
1349 2087 1515 2143 etiam
1544 2098 1660 2162 tum
1689 2085 1978 2167 parvulos,

238 2203 575 2239 successores
618 2182 799 2260 palam
845 2183 1245 2260 destinaverat,
1292 2199 1349 2244 et
1392 2186 1599 2249 abolito
1645 2190 1832 2267 priore
1857 2210 1977 2245 no-

239 2284 410 2354 mine,
442 2282 676 2340 alterum
713 2288 1134 2365 Vespasianum
1161 2286 1428 2365 appellari
1449 2289 1715 2366 jusserat,
1742 2288 1978 2347 alterum

238 2385 663 2456 Domitianum,
698 2398 924 2464 repente
962 2407 1026 2443 ex
1063 2388 1383 2444 tenuissima
1418 2391 1733 2467 suspicione
1760 2401 1978 2447 tantum

240 2505 353 2541 non
387 2486 442 2542 in
477 2487 597 2564 ipso
628 2487 747 2564 ejus
772 2487 1063 2545 consulatu
1089 2488 1390 2545 interemit.
1417 2491 1548 2563 Quo
1574 2490 1808 2547 maxime
1834 2490 1979 2547 facto

241 2587 540 2643 maturavit
570 2587 673 2644 sibi
699 2589 946 2646 exitium.
974 2590 1269 2647 Continuis
1298 2602 1424 2647 octo
1452 2591 1734 2648 mensibus
1765 2603 1848 2648 tot
1878 2590 1981 2648 ful-

240 2706 374 2764 gura
408 2686 549 2744 facta
587 2689 959 2767 nunciataque
1001 2702 1163 2763 sunt,
1195 2703 1258 2748 ut
1292 2689 1708 2764 exclamaverit,
1744 2717 1772 2745 α
1798 2694 1981 2749 Feriat

234 2788 347 2863 jam
369 2830 384 2860 ,
419 2807 587 2864 quem
633 2787 791 2846 volet.
817 2814 845 2843 ι)
875 2791 1108 2847 Tactum
1150 2790 1220 2848 de
1254 2790 1394 2849 coelo
1421 2792 1790 2871 Capitolium,
1837 2807 1978 2852 tem-

238 2886 505 2965 plumque
539 2887 738 2946 Flaviae
780 2890 957 2968 gentis
988 2911 1002 2947 ε
1034 2891 1163 2948 item
1200 2891 1397 2950 domus
1421 2892 1703 2968 Palatina,
1733 2906 1788 2951 et
1820 2896 1977 2952 cubi-

237 2987 429 3046 culum
460 2990 632 3068 ipsius
666 3011 678 3046 :
709 3002 873 3068 atque
901 2992 1068 3049 etiam
1102 3014 1131 3049 e
1166 2993 1283 3050 basi
1311 3006 1504 3051 statuae
1537 2995 1890 3076 triumphalis
1918 2999 1981 3054 ti-

239 3089 389 3147 tulus
423 3111 679 3149 excussus
718 3093 772 3149 vi
807 3091 1061 3172 procellae
1099 3095 1155 3150 in
1190 3108 1614 3153 monumentum
1662 3100 1979 3176 proximum

240 3191 459 3248 decidit.
505 3193 720 3266 Arbor,
762 3214 884 3272 quae
928 3196 1146 3273 privato
1189 3196 1371 3254 adhuc
1404 3199 1746 3276 Vespasiano
1788 3220 1978 3257 eversa

241 3306 577 3363 surrexerat,
610 3305 741 3351 tunc
768 3316 958 3353 rursus
982 3308 1208 3375 repente
1240 3299 1464 3355 corruit.
1501 3300 1834 3357 Praenestina
1865 3300 1979 3357 for-
