2372 3918
833 331 1248 380 DOMITIANUS.
1852 331 1914 389 (⁸07

190 441 410 518 Scripta
434 439 667 511 famosa,
693 434 972 515 vulgoque
997 434 1172 504 edita,
1198 435 1401 512 quibus
1429 435 1697 512 primores
1726 436 1829 492 viri
1854 456 1922 493 ac

186 539 402 598 feminae
431 538 796 609 notabantur,
829 534 1098 607 abolevit,
1143 554 1257 591 non
1288 534 1406 591 siue
1442 546 1735 591 auctorum
1768 535 1923 613 igno-

188 641 375 698 minia.
401 638 778 714 Quaestorium
812 636 1022 706 virum,
1056 635 1210 713 quod
1246 632 1613 715 gesticulandi
1654 633 1923 692 saltandi-

186 761 295 817 que
341 738 524 798 studio
563 749 869 810 teneretur,
908 736 1083 793 movit
1122 748 1337 793 senatu.
1378 734 1668 793 Probrosis
1707 733 1922 791 feminis

187 839 393 898 lectica
421 859 583 896 usum
602 837 835 911 ademit,
854 836 1058 915 jusque
1073 834 1333 914 capiendi
1358 834 1539 914 legata
1561 832 1925 892 hereditates·

185 961 310 1017 que.
345 939 598 1018 Equitem
631 957 950 1010 romanum,
986 937 1061 994 ob
1093 936 1380 994 reductam
1410 936 1469 993 in
1506 935 1922 993 matrimonium

187 1062 414 1099 uxorem
430 1082 446 1115 ,
470 1040 564 1098 cui
593 1039 830 1096 dimissae
855 1038 1116 1097 adulterii
1142 1040 1354 1096 crimen
1384 1038 1724 1110 intenderat,
1759 1038 1927 1095 erasit

180 1140 430 1218 judicum
461 1138 606 1197 albo.
639 1139 932 1214 Quosdam
959 1162 1025 1197 ex
1060 1153 1301 1218 utroque
1328 1139 1528 1197 ordine
1560 1138 1679 1217 lege
1703 1140 1927 1197 Scanti-

187 1242 276 1299 nia
317 1240 722 1300 condemnavit.
766 1245 980 1300 Incesta
1027 1240 1320 1300 vestalium
1355 1242 1636 1320 virginum
1653 1283 1671 1314 ,
1702 1260 1735 1298 a
1769 1252 1928 1318 patre

184 1330 406 1420 quoque
432 1363 535 1399 suo
563 1355 621 1400 et
649 1342 819 1400 fratre
846 1341 1126 1421 neglecta,
1156 1343 1309 1400 varie
1337 1363 1402 1400 ac
1425 1362 1613 1423 severe
1635 1341 1886 1399 coercuit
1910 1362 1925 1397 ε

185 1444 373 1521 priora
390 1486 406 1515 ,
431 1442 656 1523 capitali
679 1442 980 1523 supplici03
1007 1444 1314 1522 posteriora
1331 1488 1346 1515 ‚
1375 1463 1529 1500 more
1563 1443 1751 1499 veteri.
1784 1443 1927 1499 Nam

187 1564 360 1623 quum
413 1542 677 1602 Ocellatis
729 1544 1011 1602 sororibus
1027 1587 1043 1615 ,
1095 1545 1228 1602 item
1275 1542 1639 1615 Varronillae,
1693 1542 1925 1599 liberum

186 1646 380 1702 mortis
406 1646 746 1723 permisisset
763 1647 1058 1704 arbitrium
1077 1690 1092 1719 ,
1121 1658 1591 1725 corruptoresque
1619 1664 1811 1701 earum
1841 1664 1928 1700 re-

186 1746 417 1827 legasset
454 1770 469 1805 ε
511 1768 640 1805 mox
682 1742 1007 1806 Corneliam
1029 1792 1044 1820 ‚
1079 1749 1377 1806 maximam
1415 1748 1685 1826 virginem
1703 1790 1722 1821 ,
1768 1746 1928 1803 abso-

186 1846 360 1905 lutam
399 1847 566 1922 olim,
602 1848 803 1908 dehinc
850 1847 1019 1928 longo
1065 1848 1355 1907 intervallo
1395 1848 1724 1927 repetitam,
1756 1859 1927 1923 atque

186 1950 532 2023 convictam,
573 1949 761 2007 defodi
801 1952 1127 2028 imperavit3
1171 1963 1626 2028 stupratoresque
1656 1947 1824 2027 virgis
1869 1949 1927 2004 in

187 2051 412 2108 comitio
434 2049 507 2108 ad
532 2071 722 2108 necem
749 2051 912 2126 caedi,
940 2064 1176 2131 excepto
1209 2051 1467 2130 praetorio
1494 2052 1647 2123 viro,
1672 2051 1793 2120 cui,
1821 2048 1929 2106 du-

188 2151 281 2209 bia
310 2152 477 2209 etiam
509 2164 630 2210 tum
655 2174 845 2221 causa,
874 2165 930 2210 et
956 2154 1176 2210 incertis
1199 2151 1596 2230 quaestionibus
1619 2163 1790 2229 atque
1816 2162 1930 2207 tor-

140 2265 142 2267 ’
187 2253 416 2325 mentis,
462 2252 534 2309 de
566 2266 738 2311 semet
769 2253 1018 2332 professo
1043 2252 1299 2315 exsilium
1331 2252 1575 2310 indulsit.
1609 2255 1689 2310 Ac
1718 2272 1787 2309 ne
1815 2271 1929 2329 qua

189 2350 383 2430 religio
430 2356 610 2411 Deum
664 2354 890 2432 impune
931 2354 1433 2425 contaminaretur,
1466 2364 1928 2422 monumentum,

189 2452 339 2530 quod
374 2452 601 2512 libertus
635 2455 756 2533 ejus
787 2476 818 2512 e
857 2453 1133 2534 lapidibus
1153 2499 1167 2526 ,
1197 2454 1406 2534 templo
1438 2452 1742 2532 Capitolini
1774 2454 1927 2510 Jovis

188 2540 507 2627 destinatis,
549 2554 663 2613 filio
690 2568 1063 2630 exstruxerat,
1094 2556 1266 2613 diruit
1298 2576 1397 2635 per
1425 2554 1656 2626 milites,
1694 2573 1931 2638 ossaque

187 2667 244 2711 et
278 2654 569 2734 reliquias,
596 2677 720 2736 quae
753 2658 997 2732 inerant,
1024 2659 1165 2715 mari
1199 2658 1407 2716 mersit.

267 2758 365 2813 IX.
394 2758 547 2814 Inter
565 2757 722 2815 initia
743 2779 920 2838 usque
944 2758 1082 2816 adeo
1109 2759 1180 2816 ab
1208 2760 1364 2816 omni
1393 2758 1540 2816 caedc
1564 2757 1930 2828 abhorrebat,

187 2869 277 2929 ut,
309 2857 534 2915 absente
564 2857 747 2915 adhuc
777 2871 966 2937 patre,
1001 2859 1320 2917 recordatus
1352 2858 1574 2940 Virgilii
1612 2880 1862 2930 versum,

347 3018 499 3083 Impia
530 3034 671 3080 quam
701 3019 827 3065 caesis
860 3034 976 3082 gens
1006 3029 1076 3067 est
1103 3020 1291 3082 epulata
1312 3019 1548 3080 juvencis,

186 3161 397 3233 edicere
425 3162 745 3237 destinarit,
773 3188 802 3217 α
825 3185 893 3222 ne
917 3164 1085 3222 boves
1114 3163 1553 3222 immolarentur.
1581 3189 1607 3216 »ι
1634 3163 1928 3242 Cupidita-

189 3263 257 3319 tis
291 3283 511 3341 quoque
557 3275 723 3342 atque
761 3265 1002 3323 avaritiae
1045 3265 1133 3322 vix
1181 3266 1553 3343 suspicionem
1590 3262 1794 3337 ullam,
1833 3276 1932 3321 aut

189 3363 436 3439 privatus
467 3385 738 3442 unquam,
769 3379 865 3425 aut
894 3366 1150 3445 princeps
1177 3365 1523 3445 aliquamdiu
1548 3364 1730 3435 dedit;
1758 3366 1924 3422 immo

1630 3463 1680 3522 5.
