2372 3918
339 290 354 317 1
368 279 389 326 f.
1015 268 1063 312 C.
1096 268 1389 314 SUETONII

332 378 578 435 locorum
611 373 890 431 retardati.
923 374 951 429 J
958 370 1215 450 ugulatus
1238 383 1319 428 est
1349 370 1416 428 ad
1443 370 1624 427 lacum
1657 372 1871 443 Curtii,
1898 393 1961 428 ac
1988 393 2067 427 rc-

333 478 494 535 lictus
527 478 600 533 ita
645 476 721 532 uti
767 486 908 546 erat,
944 473 1119 530 donec
1161 474 1446 552 gregarius
1488 471 1677 545 miles,
1706 493 1737 528 a
1770 473 2068 530 frumenta-

331 581 482 635 tione
513 577 756 650 redien8‚
790 576 1006 653 abjecto
1026 594 1195 631 onere
1220 585 1386 652 caput
1412 575 1461 630 ei
1491 575 1815 651 amputavit.
1841 577 1912 631 Et
1935 595 2072 651 quo·

331 681 482 736 niam
511 677 710 758 capillo
743 699 854 756 prae
892 674 1109 732 calvitie
1137 676 1381 753 arripere
1421 696 1534 732 non
1571 686 1825 753 poterat,
1854 676 1912 731 in
1949 695 2068 753 gre-

331 781 503 837 mium
528 778 741 836 abdidit
764 800 777 835 z
800 798 963 849 mox,
997 777 1204 834 inserto
1230 796 1332 854 per
1352 796 1412 833 os
1434 775 1631 854 pollice
1650 820 1664 847 ,
1690 775 1759 833 ad
1782 775 2065 833 Othonem

332 881 554 942 detulit.
591 879 691 937 Ille
728 878 851 936 lixis
891 876 1289 955 calonibusque
1324 876 1553 935 donavit
1585 900 1597 934 :
1629 879 1725 955 qui
1762 879 1918 934 hasta
1962 878 2072 934 suf-

332 984 538 1057 fixum,
573 1003 686 1040 non
716 982 833 1039 sine
878 978 1120 1037 ludibrio
1158 980 1366 1036 circum
1407 993 1584 1037 castra
1623 992 1952 1058 portarunt,
1982 1000 2071 1036 ac-

332 1085 634 1143 clamantes
689 1083 990 1141 identidem
1011 1125 1027 1155 ,
1071 1107 1098 1134 a
1129 1080 1343 1153 Galba,
1400 1082 1601 1160 cupide
1655 1082 1855 1139 fruaris
1906 1094 2067 1139 aetate

335 1199 514 1261 tua3»
546 1186 782 1243 maxime
827 1183 1031 1240 irritati
1069 1183 1140 1240 ad
1183 1181 1350 1240 talem
1382 1184 1637 1260 jocorum
1674 1182 2069 1261 petulantiam,

335 1287 486 1365 quod
521 1300 649 1343 ante
689 1306 893 1364 paucos
925 1285 1038 1341 dies
1071 1287 1281 1341 exierat
1314 1285 1370 1340 in
1406 1283 1639 1363 vulgus,
1671 1283 1922 1341 laudanti
1956 1285 2071 1341 cui-

334 1388 459 1445 dam
493 1387 728 1444 formam
757 1406 911 1443 suam
931 1429 946 1457 ,
977 1397 1037 1441 ut
1077 1384 1259 1441 adhuc
1293 1384 1546 1441 floridam
1579 1397 1911 1462 et‘vegetam
1930 1428 1946 1455 ,
1982 1406 2067 1441 re-

331 1489 617 1567 spondisse
644 1508 799 1551 eum,
818 1481 893 1544 ἔτι
919 1509 1016 1559 μοι
1042 1479 1203 1558 μένος
1224 1478 1458 1559 ἐ’μπεΣὲν
1481 1483 1634 1542 ἐστιν.
1665 1485 1751 1542 Ab
1773 1485 1859 1541 his
1885 1488 2070 1542 Patro-

327 1589 406 1648 bii
458 1590 768 1649 Neroniani
820 1587 1047 1645 libertus
1097 1600 1321 1644 centum
1379 1588 1561 1644 aureis
1618 1586 1953 1654 redemtum,
2003 1603 2068 1643 eo

329 1692 452 1749 loco
469 1735 484 1764 ,
505 1690 598 1748 ubi
627 1691 786 1768 jussu
808 1688 1003 1748 Galbae
1030 1688 1477 1758 animadversum
1506 1690 1561 1745 in
1586 1701 1882 1766 patronum
1906 1710 2068 1746 suum

329 1793 538 1865 fuerat,
570 1791 788 1869 abjecit.
819 1793 956 1847 Sero
978 1789 1202 1848 tandem
1235 1790 1582 1868 dispensator
1612 1791 1811 1867 Argius
1831 1834 1847 1861 ,
1880 1803 1934 1846 et
1963 1790 2069 1854 hoc

329 1906 384 1951 et
417 1906 665 1950 ceterum
695 1905 956 1949 truncum
988 1893 1045 1947 in
1074 1892 1307 1970 privatis
1338 1891 1456 1968 ejus
1487 1891 1667 1948 hortis
1696 1890 1933 1949 Aureliae
1968 1893 2068 1947 viae

330 1992 623 2073 sepulturae
654 1992 822 2050 dedit.

409 2098 562 2154 XXI.
605 2097 825 2152 Statura
860 2094 966 2151 fuit
990 2096 1143 2172 justa
1163 2138 1179 2167 ,
1210 2096 1387 2172 capite
1420 2093 1692 2172 praecalvo
1712 2139 1727 2165 ,
1758 2092 1932 2150 oculis
1969 2115 2068 2150 cae-

331 2195 497 2254 ruleis
523 2241 538 2263 ,
595 2195 813 2253 adunco
868 2217 1000 2253 naso
1020 2241 1034 2266 ‚
1080 2196 1335 2252 manibus
1386 2194 1730 2274 pedibusque
1791 2194 2068 2252 articulari

329 2298 525 2354 morbo
558 2296 982 2370 distortissimiS,
1018 2310 1080 2353 ut
1111 2318 1289 2374 neque
1321 2295 1568 2353 calceum
1601 2298 1849 2375 perpeti,
1890 2318 2070 2374 neque

334 2397 549 2455 libellos
576 2396 860 2471 evolvere,
888 2411 984 2455 aut
1012 2410 1198 2455 tenere
1221 2399 1452 2455 omnino
1484 2397 1707 2454 valeret.
1738 2401 2071 2454 Excreverat

270 2574 272 2576 ·
332 2501 498 2557 etiam
537 2501 595 2556 in
640 2499 950 2556 dexteriore
994 2499 1164 2556 latere
1210 2499 1327 2576 ejus
1367 2520 1529 2572 carc,
1571 2499 2071 2577 praependebatque

331 2600 500 2672 adeo,
537 2613 599 2656 ut
625 2621 768 2678 aegre
798 2600 962 2657 fascia
996 2600 1486 2678 substringeretur.

410 2699 591 2757 XXII,
628 2701 752 2758 Cibi
782 2699 1011 2778 plurimi
1045 2701 1304 2773 traditur,
1341 2722 1508 2778 quem
1546 2699 1798 2780 tempore
1835 2702 2070 2758 hiberno

263 2869 267 2873 .
331 2802 499 2857 etiam
533 2814 671 2861 ante,
697 2800 879 2858 lucem
919 2823 1117 2879 capere
1155 2799 1448 2859 consuerat
1475 2824 1487 2859 :
1521 2804 1666 2859 inter
1701 2825 1913 2859 coenam
1941 2823 2070 2858 vero

307 2911 508 2978 'rusque
530 2902 979 2975 eo-abundantis,
1011 2915 1071 2959 ut
1098 2916 1385 2982 congestas
1411 2924 1575 2981 super
1593 2924 1790 2960 manus
1810 2903 2068 2981 reliquias

331 3003 675 3059 circumferri
703 3003 947 3079 juberet,
974 3005 1270 3081 spargique
1302 3003 1371 3059 ad
1403 3004 1570 3081 pedes
1598 3004 1886 3060 stantibus.
1920 3004 2069 3059 Libi-

333 3103 475 3160 dinis
499 3099 555 3159 i'n
578 3124 755 3160 mares
779 3105 1082 3181 pronioris,
1109 3117 1162 3159 et
1186 3125 1305 3176 eOS,
1329 3127 1441 3161 non
1474 3106 1575 3161 nisi
1606 3104 1885 3182 praeduros
1902 3148 1916 3175 ,
1942 3125 2068 3160 exo-

334 3202 598 3280 letosque,
655 3205 957 3276 Ferebant,
1014 3206 1069 3260 in
1128 3205 1389 3281 Hispania
1443 3205 1652 3262 Icelum
1714 3227 1742 3261 e
1795 3204 2066 3260 veteribus

248 3334 252 3338 ⁴
334 3305 690 3377 concubiniS,
729 3305 795 3362 de
839 3307 1074 3363 Neronis
1118 3305 1266 3361 exitu
1317 3307 1700 3378 nunciantcm,
1748 3326 1858 3360 non
1899 3305 2064 3360 modo
