2372 3918
336 234 393 276 52
1004 234 1052 279 C.
1090 231 1378 281 SUETONII

334 336 473 392 simo
523 336 874 414 contingebat
922 336 1130 414 gradu;
1174 336 1501 411 functusque
1546 333 1755 388 honore
1798 320 2046 406 praeturae

334 435 480 492 inter
531 434 871 513 vigintiviros
919 456 1112 514 agrum
1163 438 1507 513 Campanum
1555 431 1703 511 plebi
1743 428 1887 487 Julia
1930 427 2047 506 lege

334 534 536 591 divisit.
571 537 780 592 Verum
815 536 958 591 idem
985 536 1288 607 Antonius,
1320 533 1626 611 despiciens
1658 532 1822 588 etiam
1852 540 2050 585 mater-

335 656 463 691 nam
486 635 719 713 Augusti
743 634 1034 712 originem,
1058 654 1325 711 proavum
1347 633 1462 710 ejus
1487 632 1604 690 Afri
1626 630 1837 709 generis
1861 628 2050 699 fuisse,

334 747 390 791 et
416 734 583 791 modo
614 733 1033 812 unguentariam
1063 734 1378 803 tabernam,
1405 732 1571 789 modo
1603 732 1896 809 pistrinum
1929 728 2054 786 Ari-

334 835 430 890 ciae
468 835 796 905 exercuisse,
829 833 1035 909 objicit.
1074 832 1290 902 Cassius
1322 832 1546 910 quidem
1576 830 1883 887 Parmensis
1917 849 2053 906 qua-

335 933 462 988 dam
513 931 774 1009 epistola,
818 952 931 988 non
978 943 1195 988 tantum
1239 942 1300 987 ut
1348 931 1568 1008 pistoris
1582 972 1597 1002 ,
1642 929 1735 986 sed
1779 931 1946 986 etiam
1992 941 2057 983 ut

335 1031 690 1088 nummularii
734 1044 1017 1110 nepotem,
1054 1032 1131 1088 sic
1174 1043 1323 1087 taxat
1365 1034 1675 1109 Augustum
1715 1051 1727 1086 :
1761 1032 2058 1086 «Materna

335 1134 436 1189 tibi
475 1132 653 1189 farina
697 1154 763 1189 ex
805 1132 1130 1189 crudissimo
1169 1132 1363 1190 Ariciae
1396 1133 1630 1210 pistrino
1667 1153 1680 1187 :
1714 1131 1859 1186 hanc
1898 1129 2058 1184 finxit

337 1234 593 1289 manibus
634 1232 851 1311 collybo
890 1232 1215 1289 decoloratis
1254 1231 1649 1291 Nerulonensis
1686 1230 2055 1287 mensarius.»

413 1337 482 1390 V.
529 1320 707 1391 Natus
737 1346 820 1389 est
848 1335 1152 1411 AugustUS,
1181 1335 1261 1389 M.
1292 1331 1477 1389 Tullio
1505 1333 1773 1389 Cicerone
1798 1343 1854 1387 et
1881 1332 2057 1388 Anto-

335 1434 428 1488 nio
463 1431 814 1505 consulibUS,
853 1454 911 1489 1x
947 1433 1206 1488 kalendas
1241 1434 1492 1488 octobres
1512 1475 1527 1504 ‚
1561 1430 1728 1508 paulo
1760 1442 1887 1486 ante
1929 1427 2059 1485 solis

335 1543 617 1601 exortum,
653 1533 874 1609 regione
912 1531 1136 1602 Palatii,
1170 1531 1239 1589 ad
1273 1533 1470 1609 Capita
1506 1529 1744 1603 bubula,
1779 1530 1875 1586 ubi
1911 1550 2060 1585 nunc

336 1631 635 1687 sacrarium
662 1633 855 1704 habet,
882 1631 1164 1708 aliquanto
1192 1644 1348 1708 post,
1378 1651 1546 1708 quam
1573 1631 1825 1703 excessit,
1855 1629 2059 1685 consti·

340 1743 541 1787 tutum.
566 1733 715 1789 Nam
739 1743 801 1790 ut
826 1746 1042 1789 senatus
1068 1733 1201 1790 actis
1227 1732 1567 1804 continetur,
1593 1752 1764 1807 quum
1793 1732 1856 1787 C.
1886 1732 2062 1786 Laeto-

343 1831 484 1903 riUS,
515 1831 829 1889 adolescens
856 1834 1074 1910 patricii
1103 1833 1345 1910 generis,
1367 1833 1425 1887 in
1449 1830 1789 1908 deprecanda
1811 1830 2062 1907 graviore

342 1930 599 1988 adulterii
632 1954 820 2010 poena,
854 1945 1051 2010 praeter
1079 1944 1291 1989 aetatem
1323 1944 1486 2009 atque
1519 1929 1758 2003 nataleS,
1787 1931 1894 1985 hoc
1925 1950 2062 2005 quo-

341 2053 449 2110 que
483 2034 732 2110 patribus
769 2035 1094 2111 conscriptis
1128 2032 1415 2110 allegaret,
1453 2052 1508 2087 se
1551 2052 1666 2087 esse
1699 2050 2064 2107 possessorem

341 2154 405 2189 ac
435 2132 589 2189 velut
617 2134 880 2190 aedituum
914 2133 1043 2206 soli,
1075 2133 1224 2213 quod
1256 2134 1496 2210 primum
1525 2136 1594 2189 D.
1629 2134 1909 2208 Augustus
1938 2150 2064 2185 nas-

341 2252 471 2288 cens
506 2234 800 2310 attigisset,
836 2246 1156 2311 peteretque
1191 2232 1386 2288 donari
1420 2234 1574 2309 quasi
1610 2232 1838 2309 proprio
1872 2250 1971 2287 suo
2003 2251 2066 2286 ac

344 2331 612 2410 peculiari
655 2333 782 2407 de0,
821 2334 1102 2389 decretum
1140 2346 1251 2406 est,
1285 2345 1348 2389 ut
1382 2353 1445 2389 ea
1476 2353 1604 2409 pars
1640 2332 1837 2388 domus
1873 2351 2063 2387 conse-

343 2445 605 2489 craretur.

423 2534 522 2589 VI.
567 2534 1050 2590 Nutrimentorum
1088 2535 1203 2612 ejus
1246 2534 1556 2591 ostenditur
1597 2532 1778 2589 adhuc
1814 2531 1969 2589 locus
2009 2533 2067 2588 in

344 2633 492 2688 avito
522 2633 837 2688 suburbano
861 2634 1017 2710 juxta
1043 2635 1280 2692 Velitras
1307 2635 1683 2713 permodicus,
1713 2646 1766 2691 et
1797 2633 1946 2690 cellae
1973 2655 2068 2711 pe·

347 2733 555 2788 nuariae
583 2733 784 2803 instar3
815 2744 1073 2810 tenetque
1101 2737 1445 2792 vicinitatem
1474 2736 1689 2814 opini0,
1723 2748 1987 2812 tanquam
2015 2745 2069 2790 et

347 2843 508 2888 natus
536 2833 612 2887 ibi
641 2833 729 2889 sit.
760 2836 884 2889 Huc
909 2835 1164 2907 introire,
1195 2836 1300 2891 nisi
1326 2836 1632 2892 necessario
1658 2847 1713 2892 et
1740 2848 1912 2906 caste,
1940 2833 2068 2891 reli-

348 2934 439 3011 gio
464 2945 570 3006 est3
599 2947 866 3013 concepta
892 2936 1154 3012 opinione
1181 2937 1377 3009 veteri,
1405 2937 1560 3012 quasi
1587 2948 1794 2992 temere
1823 2934 2070 2991 adeunti-

347 3033 450 3090 bus
478 3034 679 3090 horror
703 3034 929 3112 quidam
961 3047 1013 3091 et
1037 3047 1216 3091 metus
1238 3035 1555 3111 objiciatur3
1585 3033 1679 3090 sed
1706 3047 1761 3090 et
1785 3056 1914 3091 mox
1940 3055 2070 3090 con-

349 3132 567 3190 firmata
590 3147 670 3192 est
698 3157 710 3191 :
736 3157 865 3192 nam
893 3155 1062 3213 quum
1090 3155 1367 3211 possessor
1386 3133 1528 3190 villae
1548 3156 1754 3207 novus,
1784 3155 1880 3191 seu
1901 3133 2068 3206 forte,

350 3252 446 3288 seu
480 3235 728 3291 tentandi
763 3256 954 3309 causa,
992 3234 1238 3291 cubitum
1273 3255 1328 3290 se
1369 3255 1434 3291 eo
1469 3235 1817 3309 contulisset,
1855 3235 2068 3308 evenit,
