<?xml version="1.0" encoding="UTF-8"?>
<!DOCTYPE html PUBLIC "-//W3C//DTD XHTML 1.0 Transitional//EN"
    "http://www.w3.org/TR/xhtml1/DTD/xhtml1-transitional.dtd">
<html xmlns="http://www.w3.org/1999/xhtml" xml:lang="en" lang="en">
 <head>
  <title>
</title>
<meta http-equiv="Content-Type" content="text/html;charset=utf-8" />
  <meta name='ocr-system' content='tesseract 3.04.00' />
  <meta name='ocr-capabilities' content='ocr_page ocr_carea ocr_par ocr_line ocrx_word'/>
</head>
<body>
  <div class='ocr_page' id='page_1' title='image "./operasuet00suetuoft_0412.png"; bbox 0 0 2372 3918; ppageno 0'>
   <div class='ocr_carea' id='block_1_1' title="bbox 421 266 1639 314">
    <p class='ocr_par' dir='ltr' id='par_1_1' title="bbox 421 266 1639 314">
     <span class='ocr_line' id='line_1_1' title="bbox 421 266 1639 314; baseline 0.001 -3"><span class='ocrx_word' id='word_1_1' title='bbox 421 266 509 312; x_wconf 80' lang='lat'>106</span> <span class='ocrx_word' id='word_1_2' title='bbox 887 266 1095 312; x_wconf 89' lang='lat' dir='ltr'>PUBLII</span> <span class='ocrx_word' id='word_1_3' title='bbox 1131 268 1436 314; x_wconf 83' lang='lat' dir='ltr'>TERENTII</span> <span class='ocrx_word' id='word_1_4' title='bbox 1470 268 1639 314; x_wconf 76' lang='lat' dir='ltr'>VITA.</span> 
     </span>
    </p>
   </div>
   <div class='ocr_carea' id='block_1_2' title="bbox 409 370 2147 1247">
    <p class='ocr_par' dir='ltr' id='par_1_2' title="bbox 409 370 2147 1247">
     <span class='ocr_line' id='line_1_2' title="bbox 494 370 2141 449; baseline 0.003 -24"><span class='ocrx_word' id='word_1_5' title='bbox 494 370 565 426; x_wconf 91' lang='grc' dir='ltr'>ΙΙ.</span> <span class='ocrx_word' id='word_1_6' title='bbox 589 370 816 447; x_wconf 84' lang='lat' dir='ltr'>Scripsit</span> <span class='ocrx_word' id='word_1_7' title='bbox 843 371 1137 427; x_wconf 81' lang='lat' dir='ltr'>comoedias</span> <span class='ocrx_word' id='word_1_8' title='bbox 1157 392 1249 428; x_wconf 86' lang='lat' dir='ltr'>sex</span> <span class='ocrx_word' id='word_1_9' title='bbox 1267 394 1279 427; x_wconf 91' lang='lat'><strong>:</strong></span> <span class='ocrx_word' id='word_1_10' title='bbox 1298 392 1363 427; x_wconf 86' lang='lat' dir='ltr'>ex</span> <span class='ocrx_word' id='word_1_11' title='bbox 1384 373 1584 448; x_wconf 91' lang='lat' dir='ltr'>quibus</span> <span class='ocrx_word' id='word_1_12' title='bbox 1613 371 1848 449; x_wconf 86' lang='lat' dir='ltr'>primam</span> <span class='ocrx_word' id='word_1_13' title='bbox 1876 372 2141 430; x_wconf 85' lang='lat' dir='ltr'>Andriam</span> 
     </span>
     <span class='ocr_line' id='line_1_3' title="bbox 414 468 2143 549; baseline 0.002 -23"><span class='ocrx_word' id='word_1_14' title='bbox 414 491 585 546; x_wconf 89' lang='lat' dir='ltr'>quum</span> <span class='ocrx_word' id='word_1_15' title='bbox 623 468 871 527; x_wconf 80' lang='lat' dir='ltr'>aedilibus</span> <span class='ocrx_word' id='word_1_16' title='bbox 910 470 1100 543; x_wconf 89' lang='lat' dir='ltr'>daret,</span> <span class='ocrx_word' id='word_1_17' title='bbox 1140 472 1323 549; x_wconf 91' lang='lat' dir='ltr'>jussus</span> <span class='ocrx_word' id='word_1_18' title='bbox 1363 482 1489 529; x_wconf 86' lang='lat' dir='ltr'>ante</span> <span class='ocrx_word' id='word_1_19' title='bbox 1525 470 1743 529; x_wconf 78' lang='lat' dir='ltr'>Caecilio</span> <span class='ocrx_word' id='word_1_20' title='bbox 1772 472 2031 544; x_wconf 88' lang='lat' dir='ltr'>recitare,</span> <span class='ocrx_word' id='word_1_21' title='bbox 2073 474 2143 530; x_wconf 91' lang='lat' dir='ltr'>ad</span> 
     </span>
     <span class='ocr_line' id='line_1_4' title="bbox 413 572 2141 650; baseline 0.002 -24"><span class='ocrx_word' id='word_1_22' title='bbox 413 583 720 627; x_wconf 82' lang='lat' dir='ltr'>coenantem</span> <span class='ocrx_word' id='word_1_23' title='bbox 770 593 942 648; x_wconf 92' lang='lat' dir='ltr'>quum</span> <span class='ocrx_word' id='word_1_24' title='bbox 990 572 1255 644; x_wconf 86' lang='lat' dir='ltr'>venisset,</span> <span class='ocrx_word' id='word_1_25' title='bbox 1297 572 1476 629; x_wconf 88' lang='lat' dir='ltr'>dictus</span> <span class='ocrx_word' id='word_1_26' title='bbox 1507 585 1617 646; x_wconf 90' lang='lat' dir='ltr'>est,</span> <span class='ocrx_word' id='word_1_27' title='bbox 1652 573 1873 630; x_wconf 90' lang='lat' dir='ltr'>initium</span> <span class='ocrx_word' id='word_1_28' title='bbox 1919 573 2141 650; x_wconf 91' lang='lat' dir='ltr'>quidem</span> 
     </span>
     <span class='ocr_line' id='line_1_5' title="bbox 413 670 2145 750; baseline 0.002 -24"><span class='ocrx_word' id='word_1_29' title='bbox 413 670 644 744; x_wconf 88' lang='lat' dir='ltr'>fabulae,</span> <span class='ocrx_word' id='word_1_30' title='bbox 676 672 826 749; x_wconf 92' lang='lat' dir='ltr'>quod</span> <span class='ocrx_word' id='word_1_31' title='bbox 852 685 970 728; x_wconf 86' lang='lat' dir='ltr'>erat</span> <span class='ocrx_word' id='word_1_32' title='bbox 1014 673 1373 729; x_wconf 88' lang='lat' dir='ltr'>contemtiore</span> <span class='ocrx_word' id='word_1_33' title='bbox 1416 674 1650 746; x_wconf 89' lang='lat' dir='ltr'>vestitu,</span> <span class='ocrx_word' id='word_1_34' title='bbox 1691 672 1949 730; x_wconf 89' lang='lat' dir='ltr'>subsellio</span> <span class='ocrx_word' id='word_1_35' title='bbox 1984 674 2145 750; x_wconf 83' lang='lat' dir='ltr'>juxta</span> 
     </span>
     <span class='ocr_line' id='line_1_6' title="bbox 413 770 2147 850; baseline 0.001 -23"><span class='ocrx_word' id='word_1_36' title='bbox 413 770 676 827; x_wconf 89' lang='lat' dir='ltr'>lectulum</span> <span class='ocrx_word' id='word_1_37' title='bbox 708 770 951 828; x_wconf 84' lang='lat' dir='ltr'>residens</span> <span class='ocrx_word' id='word_1_38' title='bbox 987 770 1214 849; x_wconf 81' lang='lat' dir='ltr'>legisse3</span> <span class='ocrx_word' id='word_1_39' title='bbox 1245 785 1371 849; x_wconf 90' lang='lat' dir='ltr'>post</span> <span class='ocrx_word' id='word_1_40' title='bbox 1397 793 1602 850; x_wconf 88' lang='lat' dir='ltr'>paucos</span> <span class='ocrx_word' id='word_1_41' title='bbox 1632 793 1766 829; x_wconf 89' lang='lat' dir='ltr'>vero</span> <span class='ocrx_word' id='word_1_42' title='bbox 1794 794 1984 830; x_wconf 84' lang='lat' dir='ltr'>versus</span> <span class='ocrx_word' id='word_1_43' title='bbox 2012 774 2147 830; x_wconf 91' lang='lat' dir='ltr'>invi-</span> 
     </span>
     <span class='ocr_line' id='line_1_7' title="bbox 412 871 2142 951; baseline 0.001 -23"><span class='ocrx_word' id='word_1_44' title='bbox 412 884 589 945; x_wconf 83' lang='lat' dir='ltr'>tatuS,</span> <span class='ocrx_word' id='word_1_45' title='bbox 628 883 689 928; x_wconf 92' lang='lat' dir='ltr'>ut</span> <span class='ocrx_word' id='word_1_46' title='bbox 715 871 1100 942; x_wconf 89' lang='lat' dir='ltr'>accumberet,</span> <span class='ocrx_word' id='word_1_47' title='bbox 1131 893 1370 929; x_wconf 90' lang='lat' dir='ltr'>coenasse</span> <span class='ocrx_word' id='word_1_48' title='bbox 1405 894 1516 929; x_wconf 93' lang='lat' dir='ltr'>una</span> <span class='ocrx_word' id='word_1_49' title='bbox 1534 917 1548 946; x_wconf 90' lang='lat'>,</span> <span class='ocrx_word' id='word_1_50' title='bbox 1582 873 1781 930; x_wconf 89' lang='lat' dir='ltr'>deinde</span> <span class='ocrx_word' id='word_1_51' title='bbox 1811 886 1994 931; x_wconf 88' lang='lat' dir='ltr'>cetera</span> <span class='ocrx_word' id='word_1_52' title='bbox 2018 895 2142 951; x_wconf 91' lang='lat' dir='ltr'>per-</span> 
     </span>
     <span class='ocr_line' id='line_1_8' title="bbox 410 970 2146 1050; baseline 0.001 -21"><span class='ocrx_word' id='word_1_53' title='bbox 410 972 646 1029; x_wconf 86' lang='lat' dir='ltr'>currisse</span> <span class='ocrx_word' id='word_1_54' title='bbox 666 1016 680 1045; x_wconf 96' lang='lat'>,</span> <span class='ocrx_word' id='word_1_55' title='bbox 713 994 824 1028; x_wconf 93' lang='lat' dir='ltr'>non</span> <span class='ocrx_word' id='word_1_56' title='bbox 860 973 977 1028; x_wconf 91' lang='lat' dir='ltr'>sine</span> <span class='ocrx_word' id='word_1_57' title='bbox 1020 994 1220 1050; x_wconf 85' lang='lat' dir='ltr'>magna</span> <span class='ocrx_word' id='word_1_58' title='bbox 1251 970 1457 1029; x_wconf 85' lang='lat' dir='ltr'>Caecilii</span> <span class='ocrx_word' id='word_1_59' title='bbox 1490 972 1874 1030; x_wconf 86' lang='lat' dir='ltr'>admiratione.-</span> <span class='ocrx_word' id='word_1_60' title='bbox 1902 978 1975 1031; x_wconf 92' lang='lat' dir='ltr'>Et</span> <span class='ocrx_word' id='word_1_61' title='bbox 2002 973 2146 1030; x_wconf 90' lang='lat' dir='ltr'>hanc</span> 
     </span>
     <span class='ocr_line' id='line_1_9' title="bbox 409 1071 2142 1152; baseline 0.001 -22"><span class='ocrx_word' id='word_1_62' title='bbox 409 1085 626 1145; x_wconf 86' lang='lat' dir='ltr'>autem,</span> <span class='ocrx_word' id='word_1_63' title='bbox 659 1084 712 1129; x_wconf 88' lang='lat' dir='ltr'>et</span> <span class='ocrx_word' id='word_1_64' title='bbox 746 1074 994 1149; x_wconf 87' lang='lat' dir='ltr'>quinque</span> <span class='ocrx_word' id='word_1_65' title='bbox 1024 1071 1264 1149; x_wconf 88' lang='lat' dir='ltr'>reliquas</span> <span class='ocrx_word' id='word_1_66' title='bbox 1313 1072 1598 1150; x_wconf 87' lang='lat' dir='ltr'>aequaliter</span> <span class='ocrx_word' id='word_1_67' title='bbox 1629 1072 1837 1151; x_wconf 90' lang='lat' dir='ltr'>populo</span> <span class='ocrx_word' id='word_1_68' title='bbox 1871 1074 2142 1152; x_wconf 81' lang='lat' dir='ltr'>probavit.</span> 
     </span>
     <span class='ocr_line' id='line_1_10' title="bbox 409 1169 2143 1247; baseline 0.002 -18"><span class='ocrx_word' id='word_1_69' title='bbox 409 1174 676 1247; x_wconf 85' lang='lat' dir='ltr'>Quamvis</span> <span class='ocrx_word' id='word_1_70' title='bbox 700 1169 985 1230; x_wconf 81' lang='lat' dir='ltr'>Volcatius</span> <span class='ocrx_word' id='word_1_71' title='bbox 1010 1170 1076 1229; x_wconf 89' lang='lat' dir='ltr'>de</span> <span class='ocrx_word' id='word_1_72' title='bbox 1099 1172 1514 1230; x_wconf 84' lang='lat' dir='ltr'>enumeratione</span> <span class='ocrx_word' id='word_1_73' title='bbox 1538 1175 1784 1231; x_wconf 90' lang='lat' dir='ltr'>omnium</span> <span class='ocrx_word' id='word_1_74' title='bbox 1807 1176 1885 1232; x_wconf 90' lang='lat' dir='ltr'>ita</span> <span class='ocrx_word' id='word_1_75' title='bbox 1905 1174 2108 1233; x_wconf 88' lang='lat' dir='ltr'>scribat</span> <span class='ocrx_word' id='word_1_76' title='bbox 2130 1198 2143 1232; x_wconf 77' lang='lat' dir='ltr'><em>z</em></span> 
     </span>
    </p>
   </div>
   <div class='ocr_carea' id='block_1_3' title="bbox 568 1314 1555 1377">
    <p class='ocr_par' dir='ltr' id='par_1_3' title="bbox 568 1314 1555 1377">
     <span class='ocr_line' id='line_1_11' title="bbox 568 1314 1555 1377; baseline 0.001 -15"><span class='ocrx_word' id='word_1_77' title='bbox 568 1318 785 1362; x_wconf 86' lang='lat' dir='ltr'>Sumetur</span> <span class='ocrx_word' id='word_1_78' title='bbox 809 1315 992 1377; x_wconf 84' lang='lat' dir='ltr'>Hecyra</span> <span class='ocrx_word' id='word_1_79' title='bbox 1026 1324 1157 1361; x_wconf 84' lang='lat' dir='ltr'>sexta</span> <span class='ocrx_word' id='word_1_80' title='bbox 1187 1331 1246 1361; x_wconf 87' lang='lat' dir='ltr'>ex</span> <span class='ocrx_word' id='word_1_81' title='bbox 1278 1315 1352 1361; x_wconf 89' lang='lat' dir='ltr'>his</span> <span class='ocrx_word' id='word_1_82' title='bbox 1381 1314 1555 1363; x_wconf 86' lang='lat' dir='ltr'>fabula.</span> 
     </span>
    </p>
   </div>
   <div class='ocr_carea' id='block_1_4' title="bbox 404 1436 2148 2221">
    <p class='ocr_par' dir='ltr' id='par_1_4' title="bbox 404 1436 2148 2221">
     <span class='ocr_line' id='line_1_12' title="bbox 410 1436 2146 1517; baseline 0 -20"><span class='ocrx_word' id='word_1_83' title='bbox 410 1440 711 1497; x_wconf 84' lang='lat' dir='ltr'>Eunuchus</span> <span class='ocrx_word' id='word_1_84' title='bbox 741 1439 966 1516; x_wconf 85' lang='lat' dir='ltr'>quidem</span> <span class='ocrx_word' id='word_1_85' title='bbox 1000 1436 1084 1494; x_wconf 85' lang='lat' dir='ltr'>bis</span> <span class='ocrx_word' id='word_1_86' title='bbox 1117 1437 1207 1494; x_wconf 87' lang='lat' dir='ltr'>die</span> <span class='ocrx_word' id='word_1_87' title='bbox 1238 1450 1360 1495; x_wconf 90' lang='lat' dir='ltr'>acta</span> <span class='ocrx_word' id='word_1_88' title='bbox 1383 1450 1498 1508; x_wconf 84' lang='lat' dir='ltr'>est,</span> <span class='ocrx_word' id='word_1_89' title='bbox 1529 1439 1842 1516; x_wconf 88' lang='lat' dir='ltr'>meruitque</span> <span class='ocrx_word' id='word_1_90' title='bbox 1870 1441 2111 1517; x_wconf 87' lang='lat' dir='ltr'>pretium</span> <span class='ocrx_word' id='word_1_91' title='bbox 2131 1484 2146 1513; x_wconf 93' lang='lat'>,</span> 
     </span>
     <span class='ocr_line' id='line_1_13' title="bbox 409 1535 2146 1618; baseline 0.002 -22"><span class='ocrx_word' id='word_1_92' title='bbox 409 1553 681 1618; x_wconf 87' lang='lat' dir='ltr'>quantum</span> <span class='ocrx_word' id='word_1_93' title='bbox 720 1535 874 1597; x_wconf 87' lang='lat' dir='ltr'>nulla</span> <span class='ocrx_word' id='word_1_94' title='bbox 908 1552 1066 1596; x_wconf 87' lang='lat' dir='ltr'>antea</span> <span class='ocrx_word' id='word_1_95' title='bbox 1098 1540 1427 1616; x_wconf 87' lang='lat' dir='ltr'>cujusquam</span> <span class='ocrx_word' id='word_1_96' title='bbox 1458 1539 1754 1613; x_wconf 78' lang='lat' dir='ltr'>comoedia,</span> <span class='ocrx_word' id='word_1_97' title='bbox 1794 1540 1852 1597; x_wconf 91' lang='lat' dir='ltr'>id</span> <span class='ocrx_word' id='word_1_98' title='bbox 1883 1553 1991 1615; x_wconf 87' lang='lat' dir='ltr'>est,</span> <span class='ocrx_word' id='word_1_99' title='bbox 2019 1554 2146 1599; x_wconf 87' lang='lat' dir='ltr'>octo</span> 
     </span>
     <span class='ocr_line' id='line_1_14' title="bbox 410 1642 2146 1719; baseline 0.001 -20"><span class='ocrx_word' id='word_1_100' title='bbox 410 1642 582 1699; x_wconf 89' lang='lat' dir='ltr'>millia</span> <span class='ocrx_word' id='word_1_101' title='bbox 624 1659 914 1698; x_wconf 88' lang='lat' dir='ltr'>nummum</span> <span class='ocrx_word' id='word_1_102' title='bbox 955 1662 967 1697; x_wconf 90' lang='lat'>:</span> <span class='ocrx_word' id='word_1_103' title='bbox 1005 1652 1298 1718; x_wconf 84' lang='lat' dir='ltr'>propterea</span> <span class='ocrx_word' id='word_1_104' title='bbox 1339 1657 1556 1698; x_wconf 83' lang='lat' dir='ltr'>summa</span> <span class='ocrx_word' id='word_1_105' title='bbox 1588 1660 1813 1719; x_wconf 91' lang='lat' dir='ltr'>quoque</span> <span class='ocrx_word' id='word_1_106' title='bbox 1846 1642 2015 1700; x_wconf 86' lang='lat' dir='ltr'>titulo</span> <span class='ocrx_word' id='word_1_107' title='bbox 2051 1642 2146 1700; x_wconf 91' lang='lat' dir='ltr'>ad-</span> 
     </span>
     <span class='ocr_line' id='line_1_15' title="bbox 408 1728 2142 1820; baseline 0 -20"><span class='ocrx_word' id='word_1_108' title='bbox 408 1743 685 1801; x_wconf 81' lang='lat' dir='ltr'>scribitur.</span> <span class='ocrx_word' id='word_1_109' title='bbox 732 1745 879 1800; x_wconf 87' lang='lat' dir='ltr'>Nam</span> <span class='ocrx_word' id='word_1_110' title='bbox 932 1736 1314 1820; x_wconf 87' lang='lat' dir='ltr'>Adelphorum</span> <span class='ocrx_word' id='word_1_111' title='bbox 1361 1742 1697 1820; x_wconf 83' lang='lat' dir='ltr'>principium</span> <span class='ocrx_word' id='word_1_112' title='bbox 1747 1728 1929 1800; x_wconf 84' lang='lat' dir='ltr'>Varro</span> <span class='ocrx_word' id='word_1_113' title='bbox 1975 1744 2142 1800; x_wconf 90' lang='lat' dir='ltr'>etiam</span> 
     </span>
     <span class='ocr_line' id='line_1_16' title="bbox 408 1841 2148 1922; baseline 0 -22"><span class='ocrx_word' id='word_1_114' title='bbox 408 1844 628 1922; x_wconf 70' lang='lat' dir='ltr'>praefert</span> <span class='ocrx_word' id='word_1_115' title='bbox 660 1844 935 1921; x_wconf 86' lang='lat' dir='ltr'>principio</span> <span class='ocrx_word' id='word_1_116' title='bbox 965 1841 1278 1899; x_wconf 84' lang='lat' dir='ltr'>Menandri.</span> <span class='ocrx_word' id='word_1_117' title='bbox 1307 1841 1439 1901; x_wconf 81' lang='lat' dir='ltr'>Non</span> <span class='ocrx_word' id='word_1_118' title='bbox 1469 1843 1701 1899; x_wconf 87' lang='lat' dir='ltr'>obscura</span> <span class='ocrx_word' id='word_1_119' title='bbox 1734 1843 1883 1900; x_wconf 82' lang='lat' dir='ltr'>sama</span> <span class='ocrx_word' id='word_1_120' title='bbox 1911 1855 2019 1912; x_wconf 87' lang='lat' dir='ltr'>est,</span> <span class='ocrx_word' id='word_1_121' title='bbox 2051 1844 2148 1900; x_wconf 84' lang='lat' dir='ltr'>ad-</span> 
     </span>
     <span class='ocr_line' id='line_1_17' title="bbox 404 1938 2142 2023; baseline -0.001 -22"><span class='ocrx_word' id='word_1_122' title='bbox 404 1946 588 2023; x_wconf 84' lang='lat' dir='ltr'>jutum</span> <span class='ocrx_word' id='word_1_123' title='bbox 618 1946 936 2001; x_wconf 88' lang='lat' dir='ltr'>Terentium</span> <span class='ocrx_word' id='word_1_124' title='bbox 970 1938 1290 2021; x_wconf 87' lang='lat' dir='ltr'>inscriptis</span> <span class='ocrx_word' id='word_1_125' title='bbox 1335 1960 1366 1999; x_wconf 85' lang='lat' dir='ltr'>a</span> <span class='ocrx_word' id='word_1_126' title='bbox 1405 1940 1577 2000; x_wconf 78' lang='lat' dir='ltr'>Laelio</span> <span class='ocrx_word' id='word_1_127' title='bbox 1608 1954 1663 1999; x_wconf 86' lang='lat' dir='ltr'>et</span> <span class='ocrx_word' id='word_1_128' title='bbox 1702 1944 1987 2020; x_wconf 87' lang='lat' dir='ltr'>Scipione,</span> <span class='ocrx_word' id='word_1_129' title='bbox 2021 1945 2142 2021; x_wconf 93' lang='lat' dir='ltr'>qui-</span> 
     </span>
     <span class='ocr_line' id='line_1_18' title="bbox 409 2042 2142 2121; baseline -0.001 -20"><span class='ocrx_word' id='word_1_130' title='bbox 409 2046 641 2101; x_wconf 88' lang='lat' dir='ltr'>buscum</span> <span class='ocrx_word' id='word_1_131' title='bbox 669 2042 1009 2100; x_wconf 83' lang='lat' dir='ltr'>familiariter</span> <span class='ocrx_word' id='word_1_132' title='bbox 1038 2043 1187 2099; x_wconf 88' lang='lat' dir='ltr'>vixit.</span> <span class='ocrx_word' id='word_1_133' title='bbox 1218 2042 1484 2099; x_wconf 85' lang='lat' dir='ltr'>Eamdem</span> <span class='ocrx_word' id='word_1_134' title='bbox 1508 2043 1623 2120; x_wconf 90' lang='lat' dir='ltr'>ipse</span> <span class='ocrx_word' id='word_1_135' title='bbox 1648 2045 1833 2099; x_wconf 81' lang='lat' dir='ltr'>auxit:</span> <span class='ocrx_word' id='word_1_136' title='bbox 1856 2061 2142 2121; x_wconf 88' lang='lat' dir='ltr'>nunquam</span> 
     </span>
     <span class='ocr_line' id='line_1_19' title="bbox 409 2142 2137 2221; baseline -0.001 -20"><span class='ocrx_word' id='word_1_137' title='bbox 409 2147 555 2202; x_wconf 83' lang='lat' dir='ltr'>enim</span> <span class='ocrx_word' id='word_1_138' title='bbox 574 2189 588 2218; x_wconf 93' lang='lat'>,</span> <span class='ocrx_word' id='word_1_139' title='bbox 615 2147 718 2201; x_wconf 88' lang='lat' dir='ltr'>nisi</span> <span class='ocrx_word' id='word_1_140' title='bbox 743 2143 954 2214; x_wconf 85' lang='lat' dir='ltr'>leviter,</span> <span class='ocrx_word' id='word_1_141' title='bbox 978 2162 1035 2199; x_wconf 88' lang='lat' dir='ltr'>se</span> <span class='ocrx_word' id='word_1_142' title='bbox 1062 2143 1230 2199; x_wconf 81' lang='lat' dir='ltr'>tutari</span> <span class='ocrx_word' id='word_1_143' title='bbox 1259 2155 1511 2215; x_wconf 85' lang='lat' dir='ltr'>conatur,</span> <span class='ocrx_word' id='word_1_144' title='bbox 1537 2154 1599 2198; x_wconf 92' lang='lat' dir='ltr'>ut</span> <span class='ocrx_word' id='word_1_145' title='bbox 1631 2144 1688 2198; x_wconf 92' lang='lat' dir='ltr'>in</span> <span class='ocrx_word' id='word_1_146' title='bbox 1712 2142 1946 2221; x_wconf 86' lang='lat' dir='ltr'>prologo</span> <span class='ocrx_word' id='word_1_147' title='bbox 1970 2143 2137 2201; x_wconf 83' lang='lat' dir='ltr'>Adel-</span> 
     </span>
    </p>
   </div>
   <div class='ocr_carea' id='block_1_5' title="bbox 410 2247 693 2324">
    <p class='ocr_par' dir='ltr' id='par_1_5' title="bbox 410 2247 693 2324">
     <span class='ocr_line' id='line_1_20' title="bbox 410 2247 693 2324; baseline 0 -22"><span class='ocrx_word' id='word_1_148' title='bbox 410 2247 645 2324; x_wconf 86' lang='lat' dir='ltr'>phorum</span> <span class='ocrx_word' id='word_1_149' title='bbox 681 2268 693 2302; x_wconf 72' lang='grc' dir='ltr'><strong><em>ε</em></strong></span> 
     </span>
    </p>
   </div>
   <div class='ocr_carea' id='block_1_6' title="bbox 536 2385 1941 2913">
    <p class='ocr_par' dir='ltr' id='par_1_6' title="bbox 539 2385 1844 2525">
     <span class='ocr_line' id='line_1_21' title="bbox 541 2385 1844 2449; baseline -0.002 -15"><span class='ocrx_word' id='word_1_150' title='bbox 541 2391 657 2434; x_wconf 88' lang='lat' dir='ltr'>Nam</span> <span class='ocrx_word' id='word_1_151' title='bbox 684 2388 816 2449; x_wconf 92' lang='lat' dir='ltr'>quod</span> <span class='ocrx_word' id='word_1_152' title='bbox 839 2387 917 2432; x_wconf 88' lang='lat' dir='ltr'>isti</span> <span class='ocrx_word' id='word_1_153' title='bbox 946 2387 1112 2433; x_wconf 90' lang='lat' dir='ltr'>dicunt</span> <span class='ocrx_word' id='word_1_154' title='bbox 1138 2385 1388 2443; x_wconf 84' lang='lat' dir='ltr'>malevoli,</span> <span class='ocrx_word' id='word_1_155' title='bbox 1411 2385 1628 2431; x_wconf 88' lang='lat' dir='ltr'>homines</span> <span class='ocrx_word' id='word_1_156' title='bbox 1657 2386 1844 2431; x_wconf 90' lang='lat' dir='ltr'>nobiles</span> 
     </span>
     <span class='ocr_line' id='line_1_22' title="bbox 539 2462 1651 2525; baseline -0.003 -14"><span class='ocrx_word' id='word_1_157' title='bbox 539 2468 676 2511; x_wconf 89' lang='lat' dir='ltr'>Hunc</span> <span class='ocrx_word' id='word_1_158' title='bbox 710 2465 946 2525; x_wconf 86' lang='lat' dir='ltr'>adjutare,</span> <span class='ocrx_word' id='word_1_159' title='bbox 974 2464 1251 2524; x_wconf 82' lang='lat' dir='ltr'>assidueque</span> <span class='ocrx_word' id='word_1_160' title='bbox 1285 2477 1377 2508; x_wconf 88' lang='lat' dir='ltr'>una</span> <span class='ocrx_word' id='word_1_161' title='bbox 1412 2462 1651 2508; x_wconf 85' lang='lat' dir='ltr'>scrihere:</span> 
     </span>
    </p>

    <p class='ocr_par' dir='ltr' id='par_1_7' title="bbox 539 2540 1736 2600">
     <span class='ocr_line' id='line_1_23' title="bbox 539 2540 1736 2600; baseline -0.002 -12"><span class='ocrx_word' id='word_1_162' title='bbox 539 2544 686 2600; x_wconf 45' lang='lat' dir='ltr'>Quod*</span> <span class='ocrx_word' id='word_1_163' title='bbox 712 2542 783 2588; x_wconf 90' lang='lat' dir='ltr'>illi</span> <span class='ocrx_word' id='word_1_164' title='bbox 813 2543 1117 2588; x_wconf 86' lang='lat' dir='ltr'>maledictum</span> <span class='ocrx_word' id='word_1_165' title='bbox 1149 2542 1403 2587; x_wconf 81' lang='lat' dir='ltr'>vehemens</span> <span class='ocrx_word' id='word_1_166' title='bbox 1434 2540 1736 2599; x_wconf 86' lang='lat' dir='ltr'>existimant,</span> 
     </span>
    </p>

    <p class='ocr_par' dir='ltr' id='par_1_8' title="bbox 536 2618 1941 2758">
     <span class='ocr_line' id='line_1_24' title="bbox 536 2618 1941 2682; baseline 0 -15"><span class='ocrx_word' id='word_1_167' title='bbox 536 2622 652 2667; x_wconf 86' lang='lat' dir='ltr'>Eam</span> <span class='ocrx_word' id='word_1_168' title='bbox 675 2621 862 2667; x_wconf 85' lang='lat' dir='ltr'>laudem</span> <span class='ocrx_word' id='word_1_169' title='bbox 896 2621 973 2665; x_wconf 88' lang='lat' dir='ltr'>hic</span> <span class='ocrx_word' id='word_1_170' title='bbox 1000 2619 1130 2665; x_wconf 86' lang='lat' dir='ltr'>ducit</span> <span class='ocrx_word' id='word_1_171' title='bbox 1159 2618 1438 2674; x_wconf 83' lang='lat' dir='ltr'>maximam,</span> <span class='ocrx_word' id='word_1_172' title='bbox 1468 2634 1612 2678; x_wconf 88' lang='lat' dir='ltr'>quum</span> <span class='ocrx_word' id='word_1_173' title='bbox 1634 2619 1728 2664; x_wconf 87' lang='lat' dir='ltr'>illis</span> <span class='ocrx_word' id='word_1_174' title='bbox 1759 2620 1941 2682; x_wconf 88' lang='lat' dir='ltr'>placet,</span> 
     </span>
     <span class='ocr_line' id='line_1_25' title="bbox 539 2697 1580 2758; baseline -0.003 -15"><span class='ocrx_word' id='word_1_175' title='bbox 539 2699 633 2755; x_wconf 86' lang='lat' dir='ltr'>Qui</span> <span class='ocrx_word' id='word_1_176' title='bbox 659 2698 797 2743; x_wconf 87' lang='lat' dir='ltr'>vobis</span> <span class='ocrx_word' id='word_1_177' title='bbox 825 2697 1056 2742; x_wconf 87' lang='lat' dir='ltr'>universis</span> <span class='ocrx_word' id='word_1_178' title='bbox 1085 2705 1130 2742; x_wconf 86' lang='lat' dir='ltr'>et</span> <span class='ocrx_word' id='word_1_179' title='bbox 1153 2697 1335 2758; x_wconf 89' lang='lat' dir='ltr'>populo</span> <span class='ocrx_word' id='word_1_180' title='bbox 1367 2697 1580 2757; x_wconf 87' lang='lat' dir='ltr'>placent:</span> 
     </span>
    </p>

    <p class='ocr_par' dir='ltr' id='par_1_9' title="bbox 540 2769 1782 2835">
     <span class='ocr_line' id='line_1_26' title="bbox 540 2769 1782 2835; baseline -0.001 -15"><span class='ocrx_word' id='word_1_181' title='bbox 540 2778 757 2832; x_wconf 88' lang='lat' dir='ltr'>Quorum</span> <span class='ocrx_word' id='word_1_182' title='bbox 790 2788 936 2835; x_wconf 89' lang='lat' dir='ltr'>opera</span> <span class='ocrx_word' id='word_1_183' title='bbox 969 2774 1019 2818; x_wconf 91' lang='lat' dir='ltr'>in</span> <span class='ocrx_word' id='word_1_184' title='bbox 1054 2773 1183 2819; x_wconf 89' lang='lat' dir='ltr'>bello</span> <span class='ocrx_word' id='word_1_185' title='bbox 1201 2805 1214 2830; x_wconf 89' lang='lat'>,</span> <span class='ocrx_word' id='word_1_186' title='bbox 1242 2773 1293 2818; x_wconf 90' lang='lat' dir='ltr'>in</span> <span class='ocrx_word' id='word_1_187' title='bbox 1325 2769 1453 2830; x_wconf 84' lang='lat' dir='ltr'>oti0,</span> <span class='ocrx_word' id='word_1_188' title='bbox 1481 2773 1531 2817; x_wconf 84' lang='lat' dir='ltr'>in</span> <span class='ocrx_word' id='word_1_189' title='bbox 1560 2774 1782 2834; x_wconf 84' lang='lat' dir='ltr'>negotio,</span> 
     </span>
    </p>

    <p class='ocr_par' dir='ltr' id='par_1_10' title="bbox 540 2851 1735 2913">
     <span class='ocr_line' id='line_1_27' title="bbox 540 2851 1735 2913; baseline -0.002 -15"><span class='ocrx_word' id='word_1_190' title='bbox 540 2855 634 2898; x_wconf 88' lang='lat' dir='ltr'>Suo</span> <span class='ocrx_word' id='word_1_191' title='bbox 670 2853 865 2913; x_wconf 90' lang='lat' dir='ltr'>quisque</span> <span class='ocrx_word' id='word_1_192' title='bbox 896 2860 1111 2911; x_wconf 89' lang='lat' dir='ltr'>tempore</span> <span class='ocrx_word' id='word_1_193' title='bbox 1134 2867 1240 2896; x_wconf 88' lang='lat' dir='ltr'>usus</span> <span class='ocrx_word' id='word_1_194' title='bbox 1273 2860 1342 2895; x_wconf 88' lang='lat' dir='ltr'>est</span> <span class='ocrx_word' id='word_1_195' title='bbox 1370 2851 1470 2896; x_wconf 88' lang='lat' dir='ltr'>sine</span> <span class='ocrx_word' id='word_1_196' title='bbox 1500 2851 1735 2911; x_wconf 82' lang='lat' dir='ltr'>superbia.</span> 
     </span>
    </p>
   </div>
   <div class='ocr_carea' id='block_1_7' title="bbox 409 2974 2139 3156">
    <p class='ocr_par' dir='ltr' id='par_1_11' title="bbox 409 2974 2139 3156">
     <span class='ocr_line' id='line_1_28' title="bbox 409 2974 2139 3053; baseline -0.001 -19"><span class='ocrx_word' id='word_1_197' title='bbox 409 2978 646 3034; x_wconf 86' lang='lat' dir='ltr'>Videtur</span> <span class='ocrx_word' id='word_1_198' title='bbox 675 2989 858 3033; x_wconf 90' lang='lat' dir='ltr'>autem</span> <span class='ocrx_word' id='word_1_199' title='bbox 883 2997 939 3032; x_wconf 91' lang='lat' dir='ltr'>se</span> <span class='ocrx_word' id='word_1_200' title='bbox 969 2975 1141 3032; x_wconf 92' lang='lat' dir='ltr'>levius</span> <span class='ocrx_word' id='word_1_201' title='bbox 1176 2974 1512 3048; x_wconf 87' lang='lat' dir='ltr'>defendisse,</span> <span class='ocrx_word' id='word_1_202' title='bbox 1542 2977 1670 3053; x_wconf 89' lang='lat' dir='ltr'>quia</span> <span class='ocrx_word' id='word_1_203' title='bbox 1697 2977 1934 3049; x_wconf 88' lang='lat' dir='ltr'>sciebat,</span> <span class='ocrx_word' id='word_1_204' title='bbox 1971 2976 2139 3034; x_wconf 87' lang='lat' dir='ltr'>Laelio</span> 
     </span>
     <span class='ocr_line' id='line_1_29' title="bbox 409 3076 2139 3156; baseline -0.001 -21"><span class='ocrx_word' id='word_1_205' title='bbox 409 3092 461 3135; x_wconf 90' lang='lat' dir='ltr'>et</span> <span class='ocrx_word' id='word_1_206' title='bbox 496 3079 738 3155; x_wconf 89' lang='lat' dir='ltr'>Scipioni</span> <span class='ocrx_word' id='word_1_207' title='bbox 768 3098 881 3134; x_wconf 93' lang='lat' dir='ltr'>non</span> <span class='ocrx_word' id='word_1_208' title='bbox 906 3079 1181 3156; x_wconf 86' lang='lat' dir='ltr'>ingratam</span> <span class='ocrx_word' id='word_1_209' title='bbox 1204 3096 1320 3132; x_wconf 87' lang='lat' dir='ltr'>esse</span> <span class='ocrx_word' id='word_1_210' title='bbox 1345 3076 1489 3133; x_wconf 89' lang='lat' dir='ltr'>hanc</span> <span class='ocrx_word' id='word_1_211' title='bbox 1516 3078 1833 3154; x_wconf 86' lang='lat' dir='ltr'>opinionem</span> <span class='ocrx_word' id='word_1_212' title='bbox 1870 3100 1883 3134; x_wconf 73' lang='grc' dir='ltr'><em>τ</em></span> <span class='ocrx_word' id='word_1_213' title='bbox 1910 3098 2029 3154; x_wconf 87' lang='lat' dir='ltr'>quae</span> <span class='ocrx_word' id='word_1_214' title='bbox 2055 3090 2139 3134; x_wconf 91' lang='lat' dir='ltr'>ta-</span> 
     </span>
    </p>
   </div>
   <div class='ocr_carea' id='block_1_8' title="bbox 411 3175 2139 3354">
    <p class='ocr_par' dir='ltr' id='par_1_12' title="bbox 411 3175 2139 3354">
     <span class='ocr_line' id='line_1_30' title="bbox 411 3175 1951 3257; baseline -0.001 -23"><span class='ocrx_word' id='word_1_215' title='bbox 411 3200 535 3235; x_wconf 89' lang='lat' dir='ltr'>men</span> <span class='ocrx_word' id='word_1_216' title='bbox 569 3179 739 3257; x_wconf 85' lang='lat' dir='ltr'>magis</span> <span class='ocrx_word' id='word_1_217' title='bbox 768 3190 820 3234; x_wconf 91' lang='lat' dir='ltr'>et</span> <span class='ocrx_word' id='word_1_218' title='bbox 849 3198 1023 3255; x_wconf 89' lang='lat' dir='ltr'>usque</span> <span class='ocrx_word' id='word_1_219' title='bbox 1056 3175 1124 3233; x_wconf 90' lang='lat' dir='ltr'>ad</span> <span class='ocrx_word' id='word_1_220' title='bbox 1152 3177 1455 3253; x_wconf 84' lang='lat' dir='ltr'>posteriora</span> <span class='ocrx_word' id='word_1_221' title='bbox 1486 3189 1733 3255; x_wconf 87' lang='lat' dir='ltr'>tempora</span> <span class='ocrx_word' id='word_1_222' title='bbox 1766 3177 1951 3235; x_wconf 88' lang='lat' dir='ltr'>valuit.</span> 
     </span>
     <span class='ocr_line' id='line_1_31' title="bbox 489 3277 2139 3354; baseline 0 -20"><span class='ocrx_word' id='word_1_223' title='bbox 489 3280 588 3335; x_wconf 90' lang='lat' dir='ltr'><strong>III.</strong></span> <span class='ocrx_word' id='word_1_224' title='bbox 622 3280 688 3351; x_wconf 87' lang='lat' dir='ltr'><strong>Q</strong></span> <span class='ocrx_word' id='word_1_225' title='bbox 724 3280 1020 3335; x_wconf 87' lang='lat' dir='ltr'>Memmius</span> <span class='ocrx_word' id='word_1_226' title='bbox 1062 3278 1118 3332; x_wconf 92' lang='lat' dir='ltr'>in</span> <span class='ocrx_word' id='word_1_227' title='bbox 1149 3277 1399 3333; x_wconf 85' lang='lat' dir='ltr'>oratione</span> <span class='ocrx_word' id='word_1_228' title='bbox 1447 3299 1546 3354; x_wconf 90' lang='lat' dir='ltr'>pro</span> <span class='ocrx_word' id='word_1_229' title='bbox 1582 3300 1637 3335; x_wconf 93' lang='lat' dir='ltr'>se</span> <span class='ocrx_word' id='word_1_230' title='bbox 1668 3281 1743 3335; x_wconf 87' lang='lat' dir='ltr'>ait</span> <span class='ocrx_word' id='word_1_231' title='bbox 1777 3301 1789 3334; x_wconf 89' lang='lat'>:</span> <span class='ocrx_word' id='word_1_232' title='bbox 1826 3304 1852 3332; x_wconf 79' lang='grc' dir='ltr'>α</span> <span class='ocrx_word' id='word_1_233' title='bbox 1894 3282 1951 3336; x_wconf 91' lang='grc' dir='ltr'>Ρ.</span> <span class='ocrx_word' id='word_1_234' title='bbox 1996 3279 2139 3335; x_wconf 71' lang='lat' dir='ltr'>Afri-</span> 
     </span>
    </p>
   </div>
  </div>
 </body>
</html>
