<?xml version="1.0" encoding="UTF-8"?>
<!DOCTYPE html PUBLIC "-//W3C//DTD XHTML 1.0 Transitional//EN"
    "http://www.w3.org/TR/xhtml1/DTD/xhtml1-transitional.dtd">
<html xmlns="http://www.w3.org/1999/xhtml" xml:lang="en" lang="en">
 <head>
  <title>
</title>
<meta http-equiv="Content-Type" content="text/html;charset=utf-8" />
  <meta name='ocr-system' content='tesseract 3.04.00' />
  <meta name='ocr-capabilities' content='ocr_page ocr_carea ocr_par ocr_line ocrx_word'/>
</head>
<body>
  <div class='ocr_page' id='page_1' title='image "./operasuet00suetuoft_0238.png"; bbox 0 0 2372 3918; ppageno 0'>
   <div class='ocr_carea' id='block_1_1' title="bbox 351 313 1444 365">
    <p class='ocr_par' dir='ltr' id='par_1_1' title="bbox 351 313 1444 365">
     <span class='ocr_line' id='line_1_1' title="bbox 351 313 1444 365; baseline -0.001 -1"><span class='ocrx_word' id='word_1_1' title='bbox 351 313 354 317; x_wconf 65' lang='grc'><strong>’</strong></span> <span class='ocrx_word' id='word_1_2' title='bbox 394 336 419 365; x_wconf 84' lang='lat'><strong>2</strong></span> <span class='ocrx_word' id='word_1_3' title='bbox 433 335 486 364; x_wconf 79' lang='lat'>10</span> <span class='ocrx_word' id='word_1_4' title='bbox 1070 318 1117 362; x_wconf 85' lang='lat' dir='ltr'>C.</span> <span class='ocrx_word' id='word_1_5' title='bbox 1158 318 1444 363; x_wconf 78' lang='lat' dir='ltr'><strong>SUETONH</strong></span> 
     </span>
    </p>
   </div>
   <div class='ocr_carea' id='block_1_2' title="bbox 367 424 2102 3412">
    <p class='ocr_par' dir='ltr' id='par_1_2' title="bbox 389 424 2102 984">
     <span class='ocr_line' id='line_1_2' title="bbox 392 424 2098 501; baseline -0.001 -20"><span class='ocrx_word' id='word_1_6' title='bbox 392 425 540 482; x_wconf 91' lang='lat' dir='ltr'>sidiis</span> <span class='ocrx_word' id='word_1_7' title='bbox 584 426 902 480; x_wconf 87' lang='lat' dir='ltr'>nunciatum</span> <span class='ocrx_word' id='word_1_8' title='bbox 933 435 1100 492; x_wconf 86' lang='lat' dir='ltr'>esset,</span> <span class='ocrx_word' id='word_1_9' title='bbox 1142 444 1336 500; x_wconf 87' lang='lat' dir='ltr'>magna</span> <span class='ocrx_word' id='word_1_10' title='bbox 1372 425 1808 479; x_wconf 81' lang='lat' dir='ltr'>consternatione</span> <span class='ocrx_word' id='word_1_11' title='bbox 1838 424 2098 501; x_wconf 85' lang='lat' dir='ltr'>populns,</span> 
     </span>
     <span class='ocr_line' id='line_1_3' title="bbox 391 524 2098 602; baseline -0.001 -21"><span class='ocrx_word' id='word_1_12' title='bbox 391 539 445 583; x_wconf 90' lang='lat' dir='ltr'>et</span> <span class='ocrx_word' id='word_1_13' title='bbox 486 525 711 582; x_wconf 91' lang='lat' dir='ltr'>militem</span> <span class='ocrx_word' id='word_1_14' title='bbox 744 526 898 602; x_wconf 86' lang='lat' dir='ltr'>quasi</span> <span class='ocrx_word' id='word_1_15' title='bbox 946 524 1309 601; x_wconf 83' lang='lat' dir='ltr'>proditorem,</span> <span class='ocrx_word' id='word_1_16' title='bbox 1355 537 1411 579; x_wconf 90' lang='lat' dir='ltr'>et</span> <span class='ocrx_word' id='word_1_17' title='bbox 1443 538 1689 580; x_wconf 89' lang='lat' dir='ltr'>senatum</span> <span class='ocrx_word' id='word_1_18' title='bbox 1735 526 1887 600; x_wconf 90' lang='lat' dir='ltr'>quasi</span> <span class='ocrx_word' id='word_1_19' title='bbox 1922 526 2098 602; x_wconf 88' lang='lat' dir='ltr'>parri-</span> 
     </span>
     <span class='ocr_line' id='line_1_4' title="bbox 389 624 2102 696; baseline -0.002 -13"><span class='ocrx_word' id='word_1_20' title='bbox 389 627 586 695; x_wconf 86' lang='lat' dir='ltr'>cidam,</span> <span class='ocrx_word' id='word_1_21' title='bbox 605 626 736 683; x_wconf 87' lang='lat' dir='ltr'>diris</span> <span class='ocrx_word' id='word_1_22' title='bbox 758 625 1499 682; x_wconf 87' lang='lat' dir='ltr'>exsecrationibusincessere</span> <span class='ocrx_word' id='word_1_23' title='bbox 1527 646 1639 681; x_wconf 93' lang='lat' dir='ltr'>non</span> <span class='ocrx_word' id='word_1_24' title='bbox 1666 637 1790 680; x_wconf 89' lang='lat' dir='ltr'>ante</span> <span class='ocrx_word' id='word_1_25' title='bbox 1811 624 2102 696; x_wconf 88' lang='lat' dir='ltr'>destiterit,</span> 
     </span>
     <span class='ocr_line' id='line_1_5' title="bbox 389 724 2100 804; baseline -0.002 -20"><span class='ocrx_word' id='word_1_26' title='bbox 389 748 554 804; x_wconf 88' lang='lat' dir='ltr'>quam</span> <span class='ocrx_word' id='word_1_27' title='bbox 589 748 732 783; x_wconf 89' lang='lat' dir='ltr'>unus</span> <span class='ocrx_word' id='word_1_28' title='bbox 766 739 930 802; x_wconf 90' lang='lat' dir='ltr'>atque</span> <span class='ocrx_word' id='word_1_29' title='bbox 953 724 1115 796; x_wconf 86' lang='lat' dir='ltr'>alter,</span> <span class='ocrx_word' id='word_1_30' title='bbox 1147 737 1199 780; x_wconf 91' lang='lat' dir='ltr'>et</span> <span class='ocrx_word' id='word_1_31' title='bbox 1236 746 1360 781; x_wconf 88' lang='lat' dir='ltr'>mox</span> <span class='ocrx_word' id='word_1_32' title='bbox 1391 724 1602 802; x_wconf 88' lang='lat' dir='ltr'>plures,</span> <span class='ocrx_word' id='word_1_33' title='bbox 1632 746 1664 781; x_wconf 93' lang='lat' dir='ltr'>a</span> <span class='ocrx_word' id='word_1_34' title='bbox 1693 725 2100 802; x_wconf 89' lang='lat' dir='ltr'>magistratibus</span> 
     </span>
     <span class='ocr_line' id='line_1_6' title="bbox 391 824 2100 904; baseline -0.001 -22"><span class='ocrx_word' id='word_1_35' title='bbox 391 829 446 884; x_wconf 87' lang='lat' dir='ltr'>in</span> <span class='ocrx_word' id='word_1_36' title='bbox 491 832 690 885; x_wconf 89' lang='lat' dir='ltr'>Rostra</span> <span class='ocrx_word' id='word_1_37' title='bbox 732 826 1021 904; x_wconf 84' lang='lat' dir='ltr'>producti,</span> <span class='ocrx_word' id='word_1_38' title='bbox 1064 824 1273 881; x_wconf 91' lang='lat' dir='ltr'>salvum</span> <span class='ocrx_word' id='word_1_39' title='bbox 1316 838 1371 881; x_wconf 93' lang='lat' dir='ltr'>et</span> <span class='ocrx_word' id='word_1_40' title='bbox 1411 826 1852 903; x_wconf 87' lang='lat' dir='ltr'>appropinquare</span> <span class='ocrx_word' id='word_1_41' title='bbox 1897 824 2100 881; x_wconf 86' lang='lat' dir='ltr'>confir-</span> 
     </span>
     <span class='ocr_line' id='line_1_7' title="bbox 389 941 614 984; baseline 0.004 -1"><span class='ocrx_word' id='word_1_42' title='bbox 389 941 614 984; x_wconf 73' lang='lat' dir='ltr'>mai-ent.</span> 
     </span>
    </p>

    <p class='ocr_par' dir='ltr' id='par_1_3' title="bbox 367 1026 2101 2709">
     <span class='ocr_line' id='line_1_8' title="bbox 466 1026 2098 1104; baseline -0.002 -20"><span class='ocrx_word' id='word_1_43' title='bbox 466 1031 620 1085; x_wconf 88' lang='lat' dir='ltr'><strong>XIII.</strong></span> <span class='ocrx_word' id='word_1_44' title='bbox 650 1032 768 1086; x_wconf 91' lang='lat' dir='ltr'>Nec</span> <span class='ocrx_word' id='word_1_45' title='bbox 788 1041 971 1084; x_wconf 89' lang='lat' dir='ltr'>tamen</span> <span class='ocrx_word' id='word_1_46' title='bbox 995 1048 1184 1104; x_wconf 84' lang='lat' dir='ltr'><strong>expers</strong></span> <span class='ocrx_word' id='word_1_47' title='bbox 1213 1026 1533 1083; x_wconf 88' lang='lat' dir='ltr'>insidiarum</span> <span class='ocrx_word' id='word_1_48' title='bbox 1562 1047 1951 1104; x_wconf 86' lang='lat' dir='ltr'>usquequaque</span> <span class='ocrx_word' id='word_1_49' title='bbox 1974 1047 2098 1103; x_wconf 87' lang='lat' dir='ltr'>per·</span> 
     </span>
     <span class='ocr_line' id='line_1_9' title="bbox 389 1126 2095 1206; baseline -0.001 -23"><span class='ocrx_word' id='word_1_50' title='bbox 389 1129 618 1199; x_wconf 89' lang='lat' dir='ltr'>mansit,</span> <span class='ocrx_word' id='word_1_51' title='bbox 649 1129 745 1185; x_wconf 89' lang='lat' dir='ltr'>sed</span> <span class='ocrx_word' id='word_1_52' title='bbox 775 1140 829 1185; x_wconf 92' lang='lat' dir='ltr'>et</span> <span class='ocrx_word' id='word_1_53' title='bbox 867 1151 899 1185; x_wconf 90' lang='lat' dir='ltr'>a</span> <span class='ocrx_word' id='word_1_54' title='bbox 932 1127 1185 1206; x_wconf 84' lang='lat' dir='ltr'>singulis,</span> <span class='ocrx_word' id='word_1_55' title='bbox 1213 1139 1268 1183; x_wconf 90' lang='lat' dir='ltr'>et</span> <span class='ocrx_word' id='word_1_56' title='bbox 1297 1148 1393 1204; x_wconf 90' lang='lat' dir='ltr'>per</span> <span class='ocrx_word' id='word_1_57' title='bbox 1424 1127 1742 1200; x_wconf 86' lang='lat' dir='ltr'>factionem,</span> <span class='ocrx_word' id='word_1_58' title='bbox 1776 1140 1831 1183; x_wconf 89' lang='lat' dir='ltr'>et</span> <span class='ocrx_word' id='word_1_59' title='bbox 1859 1126 2095 1202; x_wconf 89' lang='lat' dir='ltr'>denique</span> 
     </span>
     <span class='ocr_line' id='line_1_10' title="bbox 386 1226 2101 1305; baseline -0.001 -21"><span class='ocrx_word' id='word_1_60' title='bbox 386 1229 530 1286; x_wconf 88' lang='lat' dir='ltr'>civili</span> <span class='ocrx_word' id='word_1_61' title='bbox 575 1229 719 1286; x_wconf 92' lang='lat' dir='ltr'>bello</span> <span class='ocrx_word' id='word_1_62' title='bbox 762 1229 1043 1286; x_wconf 87' lang='lat' dir='ltr'>infestatus</span> <span class='ocrx_word' id='word_1_63' title='bbox 1093 1240 1189 1284; x_wconf 89' lang='lat' dir='ltr'>est.</span> <span class='ocrx_word' id='word_1_64' title='bbox 1236 1231 1282 1284; x_wconf 93' lang='lat' dir='ltr'>E</span> <span class='ocrx_word' id='word_1_65' title='bbox 1329 1226 1489 1305; x_wconf 87' lang='lat' dir='ltr'>plebe</span> <span class='ocrx_word' id='word_1_66' title='bbox 1536 1227 1703 1283; x_wconf 94' lang='lat' dir='ltr'>homo</span> <span class='ocrx_word' id='word_1_67' title='bbox 1732 1239 1890 1283; x_wconf 87' lang='lat' dir='ltr'>nocte</span> <span class='ocrx_word' id='word_1_68' title='bbox 1922 1227 2101 1282; x_wconf 89' lang='lat' dir='ltr'>media</span> 
     </span>
     <span class='ocr_line' id='line_1_11' title="bbox 379 1327 2099 1406; baseline -0.001 -22"><span class='ocrx_word' id='word_1_69' title='bbox 379 1330 536 1404; x_wconf 85' lang='lat' dir='ltr'>juxta</span> <span class='ocrx_word' id='word_1_70' title='bbox 578 1328 901 1386; x_wconf 85' lang='lat' dir='ltr'>cubiculum</span> <span class='ocrx_word' id='word_1_71' title='bbox 933 1331 1048 1406; x_wconf 91' lang='lat' dir='ltr'>ejus</span> <span class='ocrx_word' id='word_1_72' title='bbox 1095 1349 1221 1384; x_wconf 87' lang='lat' dir='ltr'>cum</span> <span class='ocrx_word' id='word_1_73' title='bbox 1263 1329 1500 1405; x_wconf 84' lang='lat' dir='ltr'>pugione</span> <span class='ocrx_word' id='word_1_74' title='bbox 1546 1327 1918 1404; x_wconf 87' lang='lat' dir='ltr'>deprehensus</span> <span class='ocrx_word' id='word_1_75' title='bbox 1968 1339 2049 1382; x_wconf 89' lang='lat' dir='ltr'>est</span> <span class='ocrx_word' id='word_1_76' title='bbox 2085 1348 2099 1382; x_wconf 78' lang='lat' dir='ltr'><em>z</em></span> 
     </span>
     <span class='ocr_line' id='line_1_12' title="bbox 385 1425 2098 1506; baseline -0.001 -22"><span class='ocrx_word' id='word_1_77' title='bbox 385 1431 584 1506; x_wconf 85' lang='lat' dir='ltr'>reperti</span> <span class='ocrx_word' id='word_1_78' title='bbox 603 1443 658 1485; x_wconf 91' lang='lat' dir='ltr'>et</span> <span class='ocrx_word' id='word_1_79' title='bbox 685 1431 949 1506; x_wconf 89' lang='lat' dir='ltr'>equestris</span> <span class='ocrx_word' id='word_1_80' title='bbox 973 1428 1180 1485; x_wconf 85' lang='lat' dir='ltr'>ordinis</span> <span class='ocrx_word' id='word_1_81' title='bbox 1204 1428 1315 1484; x_wconf 91' lang='lat' dir='ltr'>duo</span> <span class='ocrx_word' id='word_1_82' title='bbox 1334 1429 1387 1482; x_wconf 91' lang='lat' dir='ltr'>in</span> <span class='ocrx_word' id='word_1_83' title='bbox 1411 1427 1632 1505; x_wconf 88' lang='lat' dir='ltr'>publico</span> <span class='ocrx_word' id='word_1_84' title='bbox 1662 1448 1789 1483; x_wconf 93' lang='lat' dir='ltr'>cum</span> <span class='ocrx_word' id='word_1_85' title='bbox 1812 1425 2012 1483; x_wconf 91' lang='lat' dir='ltr'>dolone</span> <span class='ocrx_word' id='word_1_86' title='bbox 2034 1448 2098 1483; x_wconf 90' lang='lat' dir='ltr'>ac</span> 
     </span>
     <span class='ocr_line' id='line_1_13' title="bbox 386 1529 2101 1608; baseline -0.001 -23"><span class='ocrx_word' id='word_1_87' title='bbox 386 1531 668 1587; x_wconf 88' lang='lat' dir='ltr'>venatorio</span> <span class='ocrx_word' id='word_1_88' title='bbox 693 1529 870 1587; x_wconf 89' lang='lat' dir='ltr'>cultro</span> <span class='ocrx_word' id='word_1_89' title='bbox 887 1529 1279 1608; x_wconf 84' lang='lat' dir='ltr'>praestolantes,</span> <span class='ocrx_word' id='word_1_90' title='bbox 1302 1529 1462 1600; x_wconf 89' lang='lat' dir='ltr'>alter,</span> <span class='ocrx_word' id='word_1_91' title='bbox 1486 1541 1546 1585; x_wconf 85' lang='lat' dir='ltr'>ut</span> <span class='ocrx_word' id='word_1_92' title='bbox 1563 1549 1838 1606; x_wconf 86' lang='lat' dir='ltr'>egressum</span> <span class='ocrx_word' id='word_1_93' title='bbox 1856 1529 2101 1602; x_wconf 86' lang='lat' dir='ltr'>theatro,</span> 
     </span>
     <span class='ocr_line' id='line_1_14' title="bbox 384 1628 2097 1711; baseline 0 -26"><span class='ocrx_word' id='word_1_94' title='bbox 384 1630 546 1704; x_wconf 86' lang='lat' dir='ltr'>alter,</span> <span class='ocrx_word' id='word_1_95' title='bbox 588 1643 649 1688; x_wconf 91' lang='lat' dir='ltr'>ut</span> <span class='ocrx_word' id='word_1_96' title='bbox 683 1631 1076 1711; x_wconf 81' lang='lat' dir='ltr'>sacrificantem</span> <span class='ocrx_word' id='word_1_97' title='bbox 1122 1629 1270 1708; x_wconf 90' lang='lat' dir='ltr'>apud</span> <span class='ocrx_word' id='word_1_98' title='bbox 1311 1630 1508 1685; x_wconf 87' lang='lat' dir='ltr'>Martis</span> <span class='ocrx_word' id='word_1_99' title='bbox 1554 1629 1722 1685; x_wconf 86' lang='lat' dir='ltr'>aedem</span> <span class='ocrx_word' id='word_1_100' title='bbox 1772 1628 2097 1686; x_wconf 81' lang='lat' dir='ltr'>adoriretur.</span> 
     </span>
     <span class='ocr_line' id='line_1_15' title="bbox 383 1728 2100 1808; baseline -0.001 -21"><span class='ocrx_word' id='word_1_101' title='bbox 383 1733 853 1808; x_wconf 86' lang='lat' dir='ltr'>Conspiraverunt</span> <span class='ocrx_word' id='word_1_102' title='bbox 900 1744 1084 1787; x_wconf 91' lang='lat' dir='ltr'>autem</span> <span class='ocrx_word' id='word_1_103' title='bbox 1124 1730 1193 1785; x_wconf 93' lang='lat' dir='ltr'>ad</span> <span class='ocrx_word' id='word_1_104' title='bbox 1236 1751 1320 1785; x_wconf 88' lang='lat' dir='ltr'>res</span> <span class='ocrx_word' id='word_1_105' title='bbox 1360 1751 1527 1785; x_wconf 86' lang='lat' dir='ltr'>novas</span> <span class='ocrx_word' id='word_1_106' title='bbox 1561 1728 1754 1785; x_wconf 87' lang='lat' dir='ltr'>Gallus</span> <span class='ocrx_word' id='word_1_107' title='bbox 1791 1730 2013 1787; x_wconf 90' lang='lat' dir='ltr'>Asinius</span> <span class='ocrx_word' id='word_1_108' title='bbox 2045 1743 2100 1786; x_wconf 86' lang='lat' dir='ltr'>et</span> 
     </span>
     <span class='ocr_line' id='line_1_16' title="bbox 382 1828 2101 1907; baseline -0.001 -20"><span class='ocrx_word' id='word_1_109' title='bbox 382 1831 625 1888; x_wconf 87' lang='lat' dir='ltr'>Statilius</span> <span class='ocrx_word' id='word_1_110' title='bbox 652 1833 949 1903; x_wconf 85' lang='lat' dir='ltr'>Corvinus,</span> <span class='ocrx_word' id='word_1_111' title='bbox 978 1830 1239 1887; x_wconf 89' lang='lat' dir='ltr'>Pollionis</span> <span class='ocrx_word' id='word_1_112' title='bbox 1266 1851 1328 1886; x_wconf 90' lang='lat' dir='ltr'>ae</span> <span class='ocrx_word' id='word_1_113' title='bbox 1352 1828 1599 1886; x_wconf 89' lang='lat' dir='ltr'>Messalae</span> <span class='ocrx_word' id='word_1_114' title='bbox 1627 1842 1910 1885; x_wconf 87' lang='lat' dir='ltr'>oratorum</span> <span class='ocrx_word' id='word_1_115' title='bbox 1935 1850 2101 1907; x_wconf 89' lang='lat' dir='ltr'>nepo-</span> 
     </span>
     <span class='ocr_line' id='line_1_17' title="bbox 387 1930 2095 2009; baseline -0.001 -22"><span class='ocrx_word' id='word_1_116' title='bbox 387 1944 494 2001; x_wconf 80' lang='lat' dir='ltr'>teS‚</span> <span class='ocrx_word' id='word_1_117' title='bbox 533 1933 786 1988; x_wconf 87' lang='lat' dir='ltr'>assumtis</span> <span class='ocrx_word' id='word_1_118' title='bbox 828 1931 1204 2009; x_wconf 89' lang='lat' dir='ltr'>compluribus</span> <span class='ocrx_word' id='word_1_119' title='bbox 1243 1930 1451 1986; x_wconf 90' lang='lat' dir='ltr'>libertis</span> <span class='ocrx_word' id='word_1_120' title='bbox 1492 1930 1660 2007; x_wconf 90' lang='lat' dir='ltr'>ipsius</span> <span class='ocrx_word' id='word_1_121' title='bbox 1707 1942 1872 2006; x_wconf 89' lang='lat' dir='ltr'>atque</span> <span class='ocrx_word' id='word_1_122' title='bbox 1909 1934 2095 1986; x_wconf 88' lang='lat' dir='ltr'>servis.</span> 
     </span>
     <span class='ocr_line' id='line_1_18' title="bbox 379 2029 2097 2100; baseline -0.001 -13"><span class='ocrx_word' id='word_1_123' title='bbox 379 2030 591 2088; x_wconf 90' lang='lat' dir='ltr'>Bellum</span> <span class='ocrx_word' id='word_1_124' title='bbox 617 2033 775 2089; x_wconf 88' lang='lat' dir='ltr'>civile</span> <span class='ocrx_word' id='word_1_125' title='bbox 804 2034 978 2089; x_wconf 86' lang='lat' dir='ltr'>movit</span> <span class='ocrx_word' id='word_1_126' title='bbox 1005 2033 1202 2088; x_wconf 87' lang='lat' dir='ltr'>Furius</span> <span class='ocrx_word' id='word_1_127' title='bbox 1229 2030 1494 2089; x_wconf 89' lang='lat' dir='ltr'>Camillus</span> <span class='ocrx_word' id='word_1_128' title='bbox 1519 2029 1937 2100; x_wconf 86' lang='lat' dir='ltr'>ScribonianuS‚</span> <span class='ocrx_word' id='word_1_129' title='bbox 1964 2030 2097 2087; x_wconf 83' lang='lat' dir='ltr'>Dal-</span> 
     </span>
     <span class='ocr_line' id='line_1_19' title="bbox 380 2132 2094 2210; baseline 0 -24"><span class='ocrx_word' id='word_1_130' title='bbox 380 2133 557 2188; x_wconf 83' lang='lat' dir='ltr'>matiae</span> <span class='ocrx_word' id='word_1_131' title='bbox 588 2132 825 2210; x_wconf 78' lang='lat' dir='ltr'>legatus3</span> <span class='ocrx_word' id='word_1_132' title='bbox 850 2154 1039 2189; x_wconf 85' lang='lat' dir='ltr'>verum</span> <span class='ocrx_word' id='word_1_133' title='bbox 1062 2134 1203 2188; x_wconf 88' lang='lat' dir='ltr'>intra</span> <span class='ocrx_word' id='word_1_134' title='bbox 1229 2133 1483 2209; x_wconf 86' lang='lat' dir='ltr'>quintum</span> <span class='ocrx_word' id='word_1_135' title='bbox 1508 2132 1650 2187; x_wconf 91' lang='lat' dir='ltr'>diem</span> <span class='ocrx_word' id='word_1_136' title='bbox 1679 2152 1969 2209; x_wconf 88' lang='lat' dir='ltr'>oppressus</span> <span class='ocrx_word' id='word_1_137' title='bbox 1994 2145 2094 2200; x_wconf 85' lang='lat' dir='ltr'>est,</span> 
     </span>
     <span class='ocr_line' id='line_1_20' title="bbox 379 2229 2094 2309; baseline 0.001 -24"><span class='ocrx_word' id='word_1_138' title='bbox 379 2229 715 2308; x_wconf 82' lang='lat' dir='ltr'>legionibuS,</span> <span class='ocrx_word' id='word_1_139' title='bbox 747 2254 866 2309; x_wconf 85' lang='lat' dir='ltr'>quae</span> <span class='ocrx_word' id='word_1_140' title='bbox 896 2245 1299 2289; x_wconf 85' lang='lat' dir='ltr'>sacramentum</span> <span class='ocrx_word' id='word_1_141' title='bbox 1330 2243 1702 2302; x_wconf 84' lang='lat' dir='ltr'>mutaverant,</span> <span class='ocrx_word' id='word_1_142' title='bbox 1738 2232 1795 2286; x_wconf 91' lang='lat' dir='ltr'>in</span> <span class='ocrx_word' id='word_1_143' title='bbox 1821 2233 2094 2308; x_wconf 84' lang='lat' dir='ltr'>poeniten·</span> 
     </span>
     <span class='ocr_line' id='line_1_21' title="bbox 379 2331 2094 2411; baseline 0.001 -24"><span class='ocrx_word' id='word_1_144' title='bbox 379 2333 509 2388; x_wconf 88' lang='lat' dir='ltr'>tiam</span> <span class='ocrx_word' id='word_1_145' title='bbox 547 2332 808 2411; x_wconf 85' lang='lat' dir='ltr'>religione</span> <span class='ocrx_word' id='word_1_146' title='bbox 844 2335 1142 2404; x_wconf 83' lang='lat' dir='ltr'>conversiS‚</span> <span class='ocrx_word' id='word_1_147' title='bbox 1178 2345 1496 2411; x_wconf 88' lang='lat' dir='ltr'>postquam,</span> <span class='ocrx_word' id='word_1_148' title='bbox 1528 2332 1858 2389; x_wconf 89' lang='lat' dir='ltr'>denunciato</span> <span class='ocrx_word' id='word_1_149' title='bbox 1892 2331 1960 2387; x_wconf 88' lang='lat' dir='ltr'>ad</span> <span class='ocrx_word' id='word_1_150' title='bbox 1992 2354 2094 2388; x_wconf 89' lang='lat' dir='ltr'>no-</span> 
     </span>
     <span class='ocr_line' id='line_1_22' title="bbox 378 2432 2094 2511; baseline -0.001 -23"><span class='ocrx_word' id='word_1_151' title='bbox 378 2453 509 2488; x_wconf 91' lang='lat' dir='ltr'>vum</span> <span class='ocrx_word' id='word_1_152' title='bbox 546 2434 933 2511; x_wconf 85' lang='lat' dir='ltr'>imperatorem</span> <span class='ocrx_word' id='word_1_153' title='bbox 976 2435 1193 2503; x_wconf 84' lang='lat' dir='ltr'>itinere,</span> <span class='ocrx_word' id='word_1_154' title='bbox 1227 2455 1355 2490; x_wconf 87' lang='lat' dir='ltr'>casu</span> <span class='ocrx_word' id='word_1_155' title='bbox 1392 2433 1657 2509; x_wconf 84' lang='lat' dir='ltr'>quodam,</span> <span class='ocrx_word' id='word_1_156' title='bbox 1694 2452 1764 2487; x_wconf 90' lang='lat' dir='ltr'>an</span> <span class='ocrx_word' id='word_1_157' title='bbox 1796 2432 2094 2504; x_wconf 88' lang='lat' dir='ltr'>divinitus,</span> 
     </span>
     <span class='ocr_line' id='line_1_23' title="bbox 378 2530 2093 2611; baseline 0 -23"><span class='ocrx_word' id='word_1_158' title='bbox 378 2554 556 2610; x_wconf 91' lang='lat' dir='ltr'>neque</span> <span class='ocrx_word' id='word_1_159' title='bbox 599 2534 781 2611; x_wconf 89' lang='lat' dir='ltr'>aquila</span> <span class='ocrx_word' id='word_1_160' title='bbox 826 2535 1043 2606; x_wconf 87' lang='lat' dir='ltr'>ornari,</span> <span class='ocrx_word' id='word_1_161' title='bbox 1090 2555 1267 2610; x_wconf 86' lang='lat' dir='ltr'>neque</span> <span class='ocrx_word' id='word_1_162' title='bbox 1316 2533 1470 2609; x_wconf 85' lang='lat' dir='ltr'>signa</span> <span class='ocrx_word' id='word_1_163' title='bbox 1510 2530 1752 2588; x_wconf 77' lang='lat' dir='ltr'>convelli.</span> <span class='ocrx_word' id='word_1_164' title='bbox 1776 2533 2093 2608; x_wconf 87' lang='lat' dir='ltr'>moverique</span> 
     </span>
     <span class='ocr_line' id='line_1_24' title="bbox 367 2646 691 2709; baseline 0.003 -20"><span class='ocrx_word' id='word_1_165' title='bbox 367 2646 691 2709; x_wconf 82' lang='lat' dir='ltr'>potuerunt.</span> 
     </span>
    </p>

    <p class='ocr_par' dir='ltr' id='par_1_4' title="bbox 375 2735 2092 3412">
     <span class='ocr_line' id='line_1_25' title="bbox 455 2735 2092 2813; baseline 0.001 -24"><span class='ocrx_word' id='word_1_166' title='bbox 455 2736 606 2791; x_wconf 90' lang='lat' dir='ltr'><strong>XIV.</strong></span> <span class='ocrx_word' id='word_1_167' title='bbox 652 2735 983 2792; x_wconf 86' lang='lat' dir='ltr'>Consulatus</span> <span class='ocrx_word' id='word_1_168' title='bbox 1016 2757 1181 2813; x_wconf 87' lang='lat' dir='ltr'>super</span> <span class='ocrx_word' id='word_1_169' title='bbox 1212 2736 1505 2812; x_wconf 85' lang='lat' dir='ltr'>pristinum</span> <span class='ocrx_word' id='word_1_170' title='bbox 1537 2747 1776 2811; x_wconf 90' lang='lat' dir='ltr'>quatuor</span> <span class='ocrx_word' id='word_1_171' title='bbox 1805 2735 2000 2812; x_wconf 87' lang='lat' dir='ltr'>gessit:</span> <span class='ocrx_word' id='word_1_172' title='bbox 2025 2754 2092 2790; x_wconf 84' lang='lat' dir='ltr'>ex</span> 
     </span>
     <span class='ocr_line' id='line_1_26' title="bbox 376 2833 2087 2915; baseline 0.001 -26"><span class='ocrx_word' id='word_1_173' title='bbox 376 2834 574 2910; x_wconf 90' lang='lat' dir='ltr'>quibus</span> <span class='ocrx_word' id='word_1_174' title='bbox 594 2834 731 2892; x_wconf 75' lang='lat' dir='ltr'>duos</span> <span class='ocrx_word' id='word_1_175' title='bbox 749 2838 954 2913; x_wconf 89' lang='lat' dir='ltr'>primos</span> <span class='ocrx_word' id='word_1_176' title='bbox 966 2838 1230 2915; x_wconf 85' lang='lat' dir='ltr'>junctim,</span> <span class='ocrx_word' id='word_1_177' title='bbox 1265 2849 1549 2914; x_wconf 86' lang='lat' dir='ltr'>sequentes</span> <span class='ocrx_word' id='word_1_178' title='bbox 1578 2857 1678 2914; x_wconf 88' lang='lat' dir='ltr'>per</span> <span class='ocrx_word' id='word_1_179' title='bbox 1706 2833 2087 2906; x_wconf 85' lang='lat' dir='ltr'>intervallum,</span> 
     </span>
     <span class='ocr_line' id='line_1_27' title="bbox 375 2935 2091 3014; baseline -0.001 -24"><span class='ocrx_word' id='word_1_180' title='bbox 375 2947 573 3011; x_wconf 84' lang='lat' dir='ltr'>quarto</span> <span class='ocrx_word' id='word_1_181' title='bbox 618 2958 890 3014; x_wconf 91' lang='lat' dir='ltr'>quemque</span> <span class='ocrx_word' id='word_1_182' title='bbox 931 2959 1103 3010; x_wconf 82' lang='lat' dir='ltr'>anno,</span> <span class='ocrx_word' id='word_1_183' title='bbox 1151 2950 1462 2994; x_wconf 89' lang='lat' dir='ltr'>semestrem</span> <span class='ocrx_word' id='word_1_184' title='bbox 1504 2937 1886 3008; x_wconf 85' lang='lat' dir='ltr'>novissimum,</span> <span class='ocrx_word' id='word_1_185' title='bbox 1921 2935 2091 2990; x_wconf 87' lang='lat' dir='ltr'>bime-</span> 
     </span>
     <span class='ocr_line' id='line_1_28' title="bbox 377 3037 2090 3114; baseline 0 -24"><span class='ocrx_word' id='word_1_186' title='bbox 377 3047 511 3091; x_wconf 88' lang='lat' dir='ltr'>stres</span> <span class='ocrx_word' id='word_1_187' title='bbox 527 3048 761 3108; x_wconf 80' lang='lat' dir='ltr'>ceter08‚</span> <span class='ocrx_word' id='word_1_188' title='bbox 789 3039 1008 3094; x_wconf 87' lang='lat' dir='ltr'>tertium</span> <span class='ocrx_word' id='word_1_189' title='bbox 1028 3051 1235 3109; x_wconf 87' lang='lat' dir='ltr'>autem,</span> <span class='ocrx_word' id='word_1_190' title='bbox 1262 3058 1407 3092; x_wconf 90' lang='lat' dir='ltr'>novo</span> <span class='ocrx_word' id='word_1_191' title='bbox 1431 3039 1574 3092; x_wconf 87' lang='lat' dir='ltr'>circa</span> <span class='ocrx_word' id='word_1_192' title='bbox 1590 3037 1896 3114; x_wconf 88' lang='lat' dir='ltr'>principem</span> <span class='ocrx_word' id='word_1_193' title='bbox 1919 3055 2090 3091; x_wconf 85' lang='lat' dir='ltr'>exem-</span> 
     </span>
     <span class='ocr_line' id='line_1_29' title="bbox 376 3133 2086 3210; baseline -0.001 -21"><span class='ocrx_word' id='word_1_194' title='bbox 376 3133 493 3210; x_wconf 80' lang='lat' dir='ltr'>plo,</span> <span class='ocrx_word' id='word_1_195' title='bbox 530 3137 584 3191; x_wconf 93' lang='lat' dir='ltr'>in</span> <span class='ocrx_word' id='word_1_196' title='bbox 615 3136 803 3194; x_wconf 83' lang='lat' dir='ltr'>locum.</span> <span class='ocrx_word' id='word_1_197' title='bbox 825 3137 1096 3194; x_wconf 86' lang='lat' dir='ltr'>demortui</span> <span class='ocrx_word' id='word_1_198' title='bbox 1119 3137 1394 3193; x_wconf 87' lang='lat' dir='ltr'>suffectus.</span> <span class='ocrx_word' id='word_1_199' title='bbox 1417 3141 1514 3194; x_wconf 90' lang='lat' dir='ltr'>Jus</span> <span class='ocrx_word' id='word_1_200' title='bbox 1543 3148 1597 3192; x_wconf 90' lang='lat' dir='ltr'>et</span> <span class='ocrx_word' id='word_1_201' title='bbox 1623 3135 1815 3193; x_wconf 89' lang='lat' dir='ltr'>consul</span> <span class='ocrx_word' id='word_1_202' title='bbox 1848 3148 1901 3191; x_wconf 95' lang='lat' dir='ltr'>et</span> <span class='ocrx_word' id='word_1_203' title='bbox 1934 3147 2086 3190; x_wconf 87' lang='lat' dir='ltr'>extra</span> 
     </span>
     <span class='ocr_line' id='line_1_30' title="bbox 375 3234 2086 3309; baseline -0.001 -20"><span class='ocrx_word' id='word_1_204' title='bbox 375 3234 642 3291; x_wconf 84' lang='lat' dir='ltr'>honorem</span> <span class='ocrx_word' id='word_1_205' title='bbox 700 3236 1116 3294; x_wconf 84' lang='lat' dir='ltr'>laboriosissime</span> <span class='ocrx_word' id='word_1_206' title='bbox 1164 3236 1324 3305; x_wconf 87' lang='lat' dir='ltr'>dixit,</span> <span class='ocrx_word' id='word_1_207' title='bbox 1381 3238 1542 3293; x_wconf 80' lang='lat' dir='ltr'>etiam</span> <span class='ocrx_word' id='word_1_208' title='bbox 1595 3238 1704 3292; x_wconf 89' lang='lat' dir='ltr'>suis</span> <span class='ocrx_word' id='word_1_209' title='bbox 1753 3254 2086 3309; x_wconf 88' lang='lat' dir='ltr'>suorumque</span> 
     </span>
     <span class='ocr_line' id='line_1_31' title="bbox 375 3333 2087 3412; baseline 0 -24"><span class='ocrx_word' id='word_1_210' title='bbox 375 3333 563 3390; x_wconf 88' lang='lat' dir='ltr'>diebus</span> <span class='ocrx_word' id='word_1_211' title='bbox 597 3335 947 3393; x_wconf 89' lang='lat' dir='ltr'>sollemnibus</span> <span class='ocrx_word' id='word_1_212' title='bbox 967 3381 982 3405; x_wconf 91' lang='lat'><strong><em>,</em></strong></span> <span class='ocrx_word' id='word_1_213' title='bbox 1018 3358 1414 3412; x_wconf 89' lang='lat' dir='ltr'>nonnunquam</span> <span class='ocrx_word' id='word_1_214' title='bbox 1441 3336 1589 3392; x_wconf 89' lang='lat' dir='ltr'>festis</span> <span class='ocrx_word' id='word_1_215' title='bbox 1620 3355 1838 3411; x_wconf 88' lang='lat' dir='ltr'>quoque</span> <span class='ocrx_word' id='word_1_216' title='bbox 1859 3335 2087 3410; x_wconf 90' lang='lat' dir='ltr'>antiqui-</span> 
     </span>
    </p>
   </div>
   <div class='ocr_carea' id='block_1_3' title="bbox 2333 1298 2360 1906">
    <p class='ocr_par' dir='ltr' id='par_1_5' title="bbox 2333 1298 2360 1906">
     <span class='ocr_line' id='line_1_32' title="bbox 2333 1298 2360 1906; textangle 90"><span class='ocrx_word' id='word_1_217' title='bbox 2343 1903 2346 1906; x_wconf 88' lang='lat'>·</span> <span class='ocrx_word' id='word_1_218' title='bbox 2333 1858 2350 1867; x_wconf 59' lang='lat'>,⁴</span> <span class='ocrx_word' id='word_1_219' title='bbox 2336 1749 2351 1837; x_wconf 46' lang='lat' dir='ltr'>&#39;av-5.</span> <span class='ocrx_word' id='word_1_220' title='bbox 2340 1687 2347 1708; x_wconf 46' lang='grc' dir='ltr'>ἡ</span> <span class='ocrx_word' id='word_1_221' title='bbox 2337 1478 2358 1667; x_wconf 47' lang='lat' dir='ltr'>&lt;uffo-»5250</span> <span class='ocrx_word' id='word_1_222' title='bbox 2343 1344 2360 1450; x_wconf 21' lang='grc' dir='ltr'>Ὶ,-.,.,.</span> <span class='ocrx_word' id='word_1_223' title='bbox 2355 1298 2360 1305; x_wconf 28' lang='grc' dir='ltr'>ἱ</span> 
     </span>
    </p>
   </div>
   <div class='ocr_carea' id='block_1_4' title="bbox 2342 2897 2372 3918">
    <p class='ocr_par' dir='ltr' id='par_1_6' title="bbox 2342 2897 2372 3918">
     <span class='ocr_line' id='line_1_33' title="bbox 2342 2897 2372 3918; baseline 0 0"><span class='ocrx_word' id='word_1_224' title='bbox 2342 2897 2372 3918; x_wconf 95' lang='lat' dir='ltr'> </span> 
     </span>
    </p>
   </div>
  </div>
 </body>
</html>
