2372 3918
347 292 371 339 4
380 302 408 329 c»
1016 286 1065 331 C.
1106 287 1398 332 SUETONII

345 391 602 468 sar-ioque
645 390 714 447 ad
750 393 1112 470 mangonicos
1146 404 1387 469 quaestus
1425 390 1758 447 sustinendae
1792 391 2077 471 dignitatis

345 512 508 547 causa
537 491 909 548 descenderit:
931 504 1162 570 propter
1188 492 1338 569 quod
1356 490 1526 570 vulgo
1553 491 1735 548 Mulio
1754 493 2079 550 vocabatur.

345 593 647 649 Convictus
662 614 888 670 quoque
903 593 1107 649 dicitur
1131 592 1365 649 ducenta
1382 594 1629 649 sestertia
1649 594 1978 670 expressisse
1991 596 2080 671 ju-

344 691 498 766 veni,
525 694 615 749 cui
641 692 811 750 latum
842 692 1058 749 clavum
1077 686 1335 750 adversus
1352 694 1525 770 patris
1549 691 2085 772 voluntatemimpe-

344 806 534 866 trarat,
559 814 736 871 eoque
766 795 991 849 nomine
1019 795 1262 872 graviter
1284 796 1602 872 increpitus.
1627 797 2085 873 Peregrinatione

343 894 564 951 achaica
598 895 742 951 inter
765 895 993 951 comites
1026 896 1299 968 Neronis,
1331 916 1532 973 quum,
1563 907 1824 952 cantante
1871 916 1962 968 eo,
1990 910 2087 953 aut

344 995 648 1052 discederet
672 997 902 1075 saepiu5‚
937 1008 1033 1052 aut
1063 1017 1299 1074 praesens
1325 995 1791 1068 obdormisceret,
1829 999 2088 1074 gravissi-

325 1119 489 1154 -mam
521 1100 796 1155 contraxit
832 1099 1097 1155 offensam
1131 1120 1143 1154 z
1170 1099 1596 1176 prohibitusque
1629 1120 1742 1155 non
1784 1100 2084 1155 contuber-

344 1201 438 1254 nio
485 1199 677 1269 mode,
729 1199 825 1255 sed
870 1201 1036 1255 etiam
1084 1198 1306 1277 publica
1351 1198 1681 1255 salutatione
1706 1242 1721 1269 ‚
1764 1202 1983 1256 secessit
2028 1201 2084 1255 in

343 1321 571 1376 parvam
619 1320 683 1355 ac
717 1299 934 1355 deviam
982 1301 1287 1371 civitatem,
1321 1299 1507 1377 quoad
1556 1299 1752 1355 latenti
1805 1302 2083 1376 etiamque

342 1412 585 1456 extrema
632 1402 898 1455 metuenti
949 1401 1234 1476 provin-cia
1284 1420 1411 1455 cum
1457 1400 1699 1454 exercitu
1749 1398 1936 1454 oblata
1986 1412 2082 1455 est.

341 1501 764 1556 Percrebruerat
784 1501 1015 1557 Oriente
1039 1513 1159 1555 toto
1182 1512 1340 1555 vetus
1366 1511 1420 1555 et
1443 1512 1702 1555 constans
1720 1500 1942 1577 opinio,
1971 1520 2088 1556 esse

342 1603 400 1657 in
429 1601 584 1673 fatis,
632 1613 693 1657 ut
728 1622 794 1656 eo
831 1613 1085 1677 tempore
1121 1603 1151 1656 J
1157 1600 1308 1656 udaea
1340 1599 1574 1677 profecti
1610 1621 1796 1656 rerum
1832 1602 2087 1676 potiren-

343 1715 452 1758 tur.
482 1702 548 1757 Id
584 1702 651 1757 de
688 1703 1020 1779 imperatore
1060 1722 1326 1770 romano,
1352 1714 1621 1778 quantum
1657 1713 1847 1779 postea
1884 1714 2089 1757 eventu

343 1805 560 1880 paruit,
589 1803 913 1881 praedictum
935 1845 949 1872 ,
980 1802 1155 1859 Judaei
1179 1802 1249 1858 ad
1275 1824 1332 1858 se
1359 1803 1671 1874 trahenteS,
1701 1801 2044 1858 rebellarunt
2073 1824 2085 1857 ε

341 1925 594 1981 caesoque
640 1905 967 1981 praeposito,
997 1903 1238 1981 legatum
1270 1905 1499 1980 insuper
1529 1905 1701 1980 Syriae
1734 1902 2085 1960 consularem

343 2006 625 2082 suppetias
650 2004 946 2077 ferentem,
981 2017 1139 2082 rapta
1172 2004 1393 2080 aquila,
1426 2004 1777 2082 fugaverunt.
1818 2004 1908 2061 Ad
1937 2004 2089 2059 hunc

344 2117 560 2161 motum
614 2105 1103 2182 comprimendum
1154 2127 1329 2182 quum
1382 2106 1625 2161 exercitu
1671 2103 1940 2182 ampliore
1959 2150 1973 2172 ‚
2035 2116 2092 2160 et

344 2227 458 2261 non
494 2207 782 2262 instrenuo
814 2205 985 2277 duce,
1018 2207 1107 2262 cui
1147 2218 1331 2261 tamen
1365 2218 1488 2261 tuto
1520 2218 1675 2261 tanta
1711 2227 1799 2262 res
1831 2207 2091 2262 commit-

345 2317 574 2377 teretur,
601 2327 741 2383 opus
777 2319 949 2377 esset,
983 2308 1099 2383 ipse
1128 2307 1478 2384 potissimum
1513 2305 1785 2379 delectuS,
1817 2319 1881 2363 ut
1914 2320 1968 2363 et
2008 2307 2091 2362 in-

345 2405 569 2462 dustriae
592 2418 856 2482 expertae,
885 2428 988 2462 nec
1014 2406 1342 2463 metuendus
1367 2406 1483 2463 ullo
1509 2407 1675 2462 modo
1705 2408 1776 2463 ob
1807 2406 2091 2463 humilita—

345 2519 459 2563 tem
488 2507 705 2584 generis
730 2528 793 2563 ac
815 2509 1071 2564 nominiS.
1105 2506 1326 2565 Additis
1349 2507 1522 2585 igitur
1551 2506 1621 2563 ad
1655 2509 1843 2584 copias
1873 2506 2092 2563 duabus

350 2607 853 2686 legionibus‚octo
883 2607 1010 2679 alis,
1042 2608 1364 2664 cohortibus
1390 2607 1608 2676 decem,
1637 2621 1804 2684 atque
1838 2610 1983 2663 inter
2011 2606 2091 2662 le-

346 2720 502 2786 gatos
540 2710 753 2786 majore
789 2708 904 2765 filio
944 2721 1224 2784 assumto,
1257 2722 1319 2766 ut
1356 2710 1598 2786 primum
1625 2710 1966 2787 provinciam
2003 2721 2089 2764 at-

346 2813 472 2889 tigit
491 2856 506 2883 ,
525 2812 818 2888 <proximas
852 2832 1076 2888 quoque
1112 2813 1388 2868 convertit
1420 2812 1479 2867 in
1512 2832 1569 2867 se
1587 2854 1601 2879 ,
1627 2823 1880 2866 correcta
1906 2810 2088 2865 statim

346 2925 656 2986 castrorum
693 2911 982 2990 disciplina
1001 2957 1015 2985 ‚
1049 2934 1272 2990 unoque
1302 2925 1357 2968 et
1392 2911 1567 2968 altero
1591 2910 1789 2989 proelio
1821 2923 1934 2966 tam
1959 2931 2090 2994 con-

329 3026 559 3069 ·stanter
595 3014 768 3086 inito,
803 3014 958 3070 ut‘vin
989 3014 1407 3091 oppugnatione
1447 3010 1655 3069 castelli
1687 3011 1883 3089 lapidis
1915 3013 2088 3067 ictum

351 3134 496 3191 genu
515 3157 530 3186 ‚
560 3127 829 3191 scutoque
852 3115 1089 3192 sagittas
1123 3112 1335 3190 aliquot
1361 3113 1653 3190 exceperit.
1692 3177 1695 3179 ,

427 3217 497 3270 V.
533 3217 665 3270 Post
694 3216 982 3272 Neronem
1005 3213 1354 3290 Galbamque
1371 3258 1385 3282 ‚
1418 3214 1642 3270 Othone
1667 3227 1835 3290 atque
1861 3209 2091 3269 Vitellio

354 3313 420 3369 de
454 3314 771 3392 principatu
804 3314 1178 3386 certantibUS‚
1212 3315 1266 3368 in
1310 3335 1463 3389 spem
1493 3315 1710 3390 imperii
1750 3312 1931 3382 venit⁷
1977 3312 2093 3387 jam

2366 2095 2372 2145 .-.-
2364 1906 2372 2084 --ff-*hu*-
2365 1813 2372 1888 ..-,-.
2368 1771 2372 1797 -.
2370 1743 2372 1747 λ
2370 1725 2372 1728 ,
2363 1684 2370 1687 ι
2367 1654 2372 1661 .
