2372 3918
371 277 430 334 ·76
1026 272 1074 317 c.
1111 271 1394 318 sUE‘roNn

370 377 474 434 lius
522 396 832 452 passurum,
883 374 1010 430 fisco
1061 374 1269 430 detrahi
1319 371 1548 448 aliquid,
1608 390 1770 446 quam
1812 372 2044 427 civitatis

373 480 626 532 Romanae
655 472 862 551 vulgari
887 474 1165 530 honorem.
1183 496 1211 524 2>
1239 475 1430 528 Servos
1457 491 1567 526 non
1600 481 1886 526 contentus
1909 470 2050 525 mul-

377 575 445 630 tis
475 572 878 630 difficultatibus
904 591 936 626 a
962 570 1235 642 libertate,
1261 582 1314 626 et
1344 569 1515 626 multo
1548 568 1791 646 pluribus
1823 589 1854 624 a
1884 567 2049 623 liber-

377 685 485 729 tate
503 673 646 749 justa
671 671 987 741 removisse3
1020 690 1188 745 quum
1220 681 1274 725 et
1305 668 1371 726 de
1401 689 1629 725 numero
1670 681 1723 724 et
1763 668 1829 724 de
1859 666 2048 724 condi-

378 774 523 827 tione
555 791 615 825 ac
656 769 977 824 differentia.
1003 788 1216 838 eorum,
1246 769 1340 844 qui
1383 770 1916 836 manumitterentur,
1968 786 2059 822 cu-

380 873 517 924 riose
558 868 807 940 cavisset,
840 867 944 922 hoc
974 888 1189 943 quoque
1230 866 1447 943 adjecit,
1477 887 1544 922 ne
1574 868 1787 922 vinctus
1815 885 2055 941 unquam

381 979 622 1022 tortusve
651 966 770 1042 quis
809 964 921 1021 ullo
956 964 1214 1022 libertatis
1255 985 1450 1042 genere
1494 965 1760 1020 civitatem
1803 963 2061 1040 adipisce-

383 1078 549 1120 retur.
591 1066 767 1122 Etiam
810 1065 1057 1120 habitum
1085 1065 1445 1139 vestitumque
1476 1064 1765 1139 pristinum
1808 1061 2064 1117 reducere

386 1163 605 1219 studuit.
650 1166 729 1220 Ac
770 1164 883 1218 visa
942 1161 1214 1238 quondam
1275 1180 1377 1238 pro
1425 1162 1682 1217 concione
1736 1159 2062 1237 pullatorum

386 1263 570 1334 turba,
597 1260 1034 1338 indignabundus
1061 1273 1114 1316 et
1140 1259 1419 1316 clamitans
1435 1302 1450 1332 ,
1480 1263 1590 1332 En,

545 1418 806 1474 Romanos,
832 1432 986 1462 rerum
1012 1416 1249 1473 dominos,
1277 1424 1553 1476 gentemque
1579 1416 1802 1476 togatam!

391 1560 670 1638 negotium
700 1558 965 1616 AEdilibus
996 1556 1172 1630 dedit,
1201 1578 1268 1613 ne
1301 1578 1463 1633 quem
1502 1557 1724 1633 posthac
1757 1571 2076 1634 paterentur

393 1661 449 1715 in
495 1659 614 1714 foro
663 1659 903 1728 circove,
953 1657 1056 1712 nisi
1114 1657 1299 1732 positis
1345 1654 1607 1729 lacerniS,
1652 1669 1897 1734 togatum
1943 1679 2075 1713 con-

394 1759 594 1813 sistere.

473 1859 617 1912 XLI.
654 1855 1056 1912 Liberalitatem
1076 1857 1327 1912 omnibus
1345 1856 1624 1913 ordinibus
1650 1878 1747 1933 per
1773 1857 2080 1914 occasiones

395 1955 706 2030 frequenter
730 1956 989 2011 exhibuit.
1022 1957 1166 2013 Nam
1195 1967 1249 2010 et
1266 1998 1281 2027 ,
1310 1957 1523 2011 invecta
1547 1956 1686 2012 Urbi
1716 1955 2082 2012 Alexandrino

395 2055 676 2130 triumpho
704 2055 852 2131 regia
884 2074 1039 2131 gaza,
1071 2065 1279 2109 tantam
1311 2054 1523 2130 copiam
1554 2055 1868 2109 nummariae
1901 2054 1979 2109 rei
2013 2054 2083 2109 ef-

398 2152 549 2224 fecit,
580 2165 667 2223 ut,
705 2135 893 2208 fenore*
926 2151 1232 2223 deminuto,
1268 2150 1566 2228 plurimum
1605 2150 1860 2228 agrorum
1898 2153 2085 2229 pretiis

399 2239 707 2323 accesserit,
735 2263 790 2307 et
819 2262 1031 2328 postea,
1064 2250 1274 2326 quoties
1301 2270 1366 2304 ex
1394 2248 1772 2307 damnatorum
1815 2252 2087 2328 bonisrpe-

399 2351 558 2405 cunia
592 2349 971 2427 superflueret,
1002 2370 1162 2405 usum
1194 2351 1308 2424 ejus
1326 2351 1621 2427 gratuitum
1648 2351 1712 2405 iis
1729 2393 1745 2426 ,
1781 2351 1873 2425 qui
1900 2371 2087 2406 cavere

400 2450 455 2504 in
483 2447 712 2525 duplum
742 2461 987 2526 possent,
1009 2448 1312 2520 adcertum
1343 2447 1555 2526 tempus
1582 2447 1821 2505 indulsit.
1856 2452 2086 2506 Senato-

400 2568 523 2602 rum
553 2568 775 2603 censum
806 2546 1110 2622 ampliavit,
1140 2567 1205 2603 ac
1236 2568 1338 2623 pro
1378 2547 1814 2624 octingentorum
1854 2547 2087 2604 millium

402 2666 613 2701 summa
660 2645 948 2702 duodecies
997 2647 1240 2701 sestertio
1288 2647 1516 2718 taxavit,
1558 2645 1933 2723 supplevitque
1980 2669 2092 2703 non
2112 2660 2123 2666 “

402 2744 742 2799 habentibus.
773 2744 1062 2820 Congiaria
1090 2743 1297 2820 populo
1332 2743 1644 2820 frequenter
1675 2744 1822 2800 dedit
1840 2789 1855 2815 ,
1887 2746 1979 2802 sed
2012 2745 2116 2812 di-,

404 2864 567 2899 versae
611 2842 721 2898 fere
755 2863 977 2899 summae
1007 2864 1019 2898 ε
1052 2842 1217 2899 modo
1249 2842 1679 2921 quadringenos,
1718 2844 1882 2900 modo
1928 2857 2095 2918 trece-

403 2964 533 3011 nos,
568 2961 964 3018 nonnunquam
996 2941 1232 2999 ducenos
1264 2943 1775 3020 quinquagenosque
1813 2964 2092 3001 nummos:

406 3062 468 3096 ac
506 3061 575 3096 ne
618 3042 852 3097 minores
892 3039 1112 3117 quidem
1144 3061 1343 3118 pueros
1378 3042 1663 3117 praeteriit,
1696 3043 1938 3118 quamvis
1980 3062 2093 3097 non

408 3142 511 3196 nisi
541 3141 606 3195 ab
631 3139 917 3196 undecimo
938 3140 1106 3199 aetatis
1134 3159 1277 3228 annno
1304 3141 1543 3217 accipere
1571 3151 1931 3197 consuessent.
1962 3144 2096 3196 Fru-

410 3251 650 3293 mentum
702 3259 918 3315 quoque
963 3239 1018 3292 in
1061 3258 1288 3293 annonae
1322 3239 1725 3295 difficultatibus
1767 3260 1903 3316 saepe
1942 3238 2096 3295 levis-
