2372 3918
763 266 830 311 IN
866 264 1005 310 ocr.
1042 263 1413 309 AUGUSTUM.
1872 279 1957 326 ,97

288 360 434 408 Calvi.
460 363 510 409 C.
543 360 714 408 Licinii
743 360 895 419 Calvi,
925 360 986 406 de
1015 374 1117 421 quo
1146 357 1258 406 vide
1288 361 1421 418 Cic„
1449 361 1576 405 Brut.
1592 392 1608 415 ‚
1639 374 1799 405 Lxxxx.

285 439 495 484 Palatio.
512 439 622 485 Scil.
646 437 860 485 Palatino
882 443 1058 483 monte.
1083 435 1205 494 Dio,
1232 451 1327 482 mu
1342 469 1358 495 ,
1380 451 1429 497 p.
1457 436 1548 495 507
1577 452 1589 481 :
1615 444 1818 486 Καλεῖται
1834 439 1884 485 δί
1908 442 1964 486 τὰ

219 522 410 567 &zetina
435 525 662 577 Παλάτιον,
677 523 739 566 ὅτι
768 523 806 566 ἔν
824 527 940 579 τιτῷ
964 521 1187 578 numm)
1207 522 1226 563 ὂ
1251 521 1417 578 Καῖσαρ
1444 520 1538 578 ᾤκει
1553 552 1565 572 ,
1587 515 1656 563 καὶ
1678 520 1761 563 ἐκεῖ
1782 520 1828 562 τὸ
1846 536 1967 577 στρα-

217 602 353 659 τήγιον
374 595 467 658 εἶχε.

287 670 436 717 Cultu.
464 672 522 718 H.
546 685 587 716 e.
614 676 799 715 ornatu.

284 750 594 795 Albanarum.
621 750 693 794 Ex
724 755 889 793 monte
913 746 1133 805 Albano,
1157 746 1296 805 cujus
1327 745 1449 807 lapis
1482 743 1644 808 exigui
1673 752 1775 791 erat
1801 742 1966 806 pretii,

220 843 370 888 quum
397 827 461 872 ob
495 825 737 885 viciniam,
768 833 870 870 tum
898 824 1011 887 quia
1041 822 1197 870 mollis
1224 831 1366 882 esset,
1392 831 1516 869 auct.
1540 822 1756 880 Vitruv.‚
1789 832 1860 881 11‚'
1894 837 1921 881 7
1952 838 1964 867 :

217 924 237 944 «
266 905 386 949 Sunt
410 901 537 950 enim
560 902 659 948 aliae
687 902 879 960 molles,
903 909 959 948 ut
988 901 1114 948 circa
1130 901 1312 948 Urbem
1336 900 1518 960 rubrae,
1539 899 1814 962 pallienses,
1837 896 1964 946 fide-

214 989 372 1039 nates,
402 981 596 1027 albanae.
625 1001 645 1021 »

288 1048 471 1092 Eodem
502 1046 726 1092 cubiculo.
757 1048 920 1105 Quum
956 1044 1009 1092 in
1032 1045 1379 1093 consuetudine
1407 1044 1532 1090 illius
1566 1042 1797 1106 temporis
1823 1053 1967 1099 esset,

216 1125 305 1171 alia
330 1125 506 1172 habere
528 1124 756 1183 hiberna,
782 1123 872 1171 alia
906 1124 1065 1172 aestiva
1089 1115 1324 1171 cubicula.

282 1215 341 1259 In
383 1213 505 1259 Urbe
545 1214 782 1260 hiemaret.
826 1213 1143 1269 Disertissime
1177 1215 1244 1265 cl,
1280 1215 1414 1260 Hase
1446 1229 1463 1259 .·
1497 1232 1518 1254 «
1533 1211 1762 1272 Quamvis
1803 1227 1967 1258 omnes

214 1288 391 1337 hiemes
412 1288 463 1336 in
496 1292 628 1338 Urbe
653 1290 954 1354 transigeret,
977 1307 1130 1354 eaque
1153 1291 1417 1339 valetudini
1441 1306 1534 1338 suae
1564 1306 1737 1353 parum
1767 1288 1967 1349 salubri,

216 1375 376 1414 tamen
404 1384 465 1414 ne
489 1368 761 1415 cubiculum
786 1368 984 1431 quidem
1003 1369 1219 1416 mutavit.
1244 1390 1271 1412 ι)
1499 1383 1523 1394 ‘

288 1445 568 1505 Syracusas.
599 1447 742 1492 Hunc
765 1447 928 1493 locum
959 1463 987 1494 a
1010 1447 1196 1510 reliqua
1222 1447 1370 1493 domo
1401 1446 1669 1506 sejunctum
1703 1446 1970 1506 Syracusas

217 1524 490 1586 Augustum
513 1523 683 1570 dixisse
713 1532 853 1586 putat
874 1527 1142 1571 Beroaldus
1156 1559 1170 1580 ,
1206 1525 1319 1586 quia
1350 1533 1398 1570 et
1417 1524 1489 1570 hae
1523 1532 1660 1570 erant
1682 1521 1970 1585 dispertita,

220 1608 266 1645 et
287 1614 399 1661 pars
432 1615 458 1646 a
483 1609 647 1662 parte,
676 1610 902 1663 tanquam
937 1603 1054 1649 urbs
1087 1602 1149 1648 ab
1172 1602 1294 1648 urbe
1321 1599 1574 1662 disjuncta.

285 1695 522 1752 Τεχνόφυον.
548 1688 667 1753 Ideo
698 1688 832 1750 quod
861 1688 913 1735 in
934 1689 1052 1736 locis
1075 1689 1268 1737 secretis
1302 1687 1456 1736 omnis
1480 1705 1593 1736 suus
1618 1695 1805 1735 constat
1830 1677 1974 1750 ingess

218 1762 310 1809 niis
339 1763 492 1826 vigor,
529 1766 590 1811 ad
627 1767 779 1813 multa
813 1767 1143 1829 excogitanda.
1179 1767 1248 1814 Cf.
1292 1769 1459 1827 Pium,
1495 1767 1676 1828 Epist„
1717 1782 1762 1825 1,
1790 1780 1823 1827 9
1851 1764 1971 1810 :010

219 1843 374 1888 mare!
410 1858 441 1888 o
464 1842 596 1889 litus!
625 1859 794 1889 verum
820 1853 1150 1907 secretumque
1183 1851 1390 1910 μουσεῖον,
1415 1860 1559 1907 quam
1593 1844 1743 1890 multa
1782 1840 1973 1888 inveni-

219 1918 301 1977 tis,
332 1934 478 1980 quam
499 1922 649 1966 multa
675 1920 888 1968 dictatis!
911 1941 930 1962 »

289 1997 519 2043 Herculis.
549 1998 609 2044 In
636 1997 772 2059 cujus
803 1999 959 2046 tutela
982 1997 1136 2046 Tibur
1159 2006 1276 2046 erat.
1303 1998 1537 2058 Martial.,
1562 2017 1609 2058 1,
1638 1998 1694 2045 13
1723 2015 1734 2043 :

457 2141 543 2182 Itur
565 2139 618 2180 ad
639 2139 827 2183 Herculei
849 2141 997 2196 gelidas
1017 2155 1096 2197 qua
1118 2142 1282 2184 Tiburis
1299 2157 1421 2185 arces.

223 2284 379 2345 Hujus
401 2286 567 2349 templi
602 2287 894 2335 mentionem
923 2288 1069 2335 habet
1104 2289 1289 2349 strab„
1315 2306 1376 2348 V,
1408 2306 1458 2351 p.
1499 2290 1588 2345 164
1623 2305 1634 2334 τ
1662 2293 1844 2352 Τίῧουρα
1869 2294 1894 2341 ἦ
1928 2296 1971 2336 τὸ

221 2361 456 2428 Ἡράκλειον.

293 2443 547 2488 Proeton'a.
572 2444 722 2490 Erant
751 2443 873 2489 villae
897 2443 959 2490 ad
982 2444 1275 2506 voluptatem
1292 2453 1569 2503 exstructae,
1597 2443 1648 2493 in
1675 2442 1853 2506 quibus
1875 2441 1971 2488 do-

223 2518 401 2578 minus,
426 2536 577 2582 quum
598 2520 819 2567 rusticari
839 2522 1006 2580 vellet,
1030 2537 1221 2569 manere
1241 2522 1439 2569 solebat.
1470 2522 1548 2569 Sic
1571 2522 1708 2569 dictae
1731 2535 1822 2583 per
1843 2518 1976 2567 simi-

223 2593 476 2643 litudinem
503 2614 515 2645 ε
549 2598 841 2645 rusticorum
875 2598 1000 2644 enim
1035 2614 1178 2661 super
1203 2599 1397 2662 tuguria
1433 2608 1479 2646 et
1513 2614 1643 2647 casas
1680 2596 1975 2654 eminebant,

224 2683 281 2718 ut
302 2673 602 2735 imperatoris
626 2667 774 2737 ip'sius
797 2676 1178 2735 tabernaculum,
1203 2679 1341 2739 quod
1379 2687 1426 2724 et
1448 2678 1728 2739 praetorium
1759 2676 1976 2738 appella-

226 2751 382 2811 batur,
406 2767 505 2814 prae
535 2753 637 2799 aliis
658 2752 987 2816 magnitudine
1010 2754 1366 2818 splendoreque
1391 2756 1643 2804 eminebat.
1667 2755 1978 2803 Ponebantur

223 2828 322 2876 fere
345 2829 395 2876 in
419 2830 613 2877 amoenis
635 2830 843 2877 litorum.
867 2832 1013 2890 Stat.,
1045 2832 1180 2886 Silo..
1207 2848 1255 2892 1,
1279 2833 1332 2893 3,
1359 2834 1421 2882 25
1446 2850 1459 2879 ε

406 3018 416 3029 .
442 3019 453 3028 .
479 3018 489 3029 .
517 3018 528 3029 .
553 2990 734 3030 AEternas
754 2996 910 3031 servant
933 2989 1118 3045 proetoria
1141 2990 1263 3046 ripas.

296 3132 530 3179 Excoluic.
551 3133 619 3180 Ut
638 3132 747 3180 Tib.
762 3169 776 3195 ,
802 3150 890 3195 111,
916 3135 941 3181 3
956 3170 970 3194 ,
1000 3134 1058 3184 15
1081 3153 1093 3182 :

407 3289 456 3327 Et
481 3299 644 3328 nemora
664 3288 706 3329 in
728 3289 913 3333 domibus
934 3303 1064 3332 sacros
1086 3291 1284 3334 imitantia
1301 3296 1426 3335 luco&
