2372 3918
965 284 1266 332 TIBERIUS.
1894 301 1910 331 ι
1919 283 1980 330 33

259 415 394 468 nua,
434 394 704 471 ambiguis
740 393 1015 469 responsis
1050 403 1104 448 et
1135 388 1329 447 callida
1366 392 1718 447 cunctatione
1754 411 1981 470 suspen-

259 494 394 549 dens
425 516 437 549 :
473 505 536 550 ut
561 491 787 569 quidam
820 490 1139 569 patientiam
1173 502 1522 568 rumperent,
1558 502 1723 567 atque
1758 513 1899 548 unus
1927 491 1982 547 in

263 592 502 650 tumultu
544 587 930 670 proclamaret,
963 616 989 643 α
1016 594 1121 648 Aut
1161 603 1322 669 agat,
1361 603 1456 647 aut
1496 589 1718 647 desistat
1746 612 1758 645 :
1788 615 1814 643 »
1848 590 1986 647 alter

260 714 445 751 coram
477 691 864 770 exprobraret,
896 716 921 743 α
939 694 1191 770 Ceteros,
1220 691 1368 768 quod
1398 690 1628 769 polliciti
1664 691 1807 762 sint,
1835 690 1986 747 tarde

263 806 518 870 praestare
557 812 571 848 :
620 790 713 847 sed
758 793 965 869 ipsum,
1004 791 1154 868 quod
1189 803 1438 869 praestet,
1481 789 1637 846 tarde
1670 788 1933 867 polliceri.
1962 815 1987 841 ι)

260 892 503 950 Tandem
533 893 689 969 quasi
724 905 973 965 coactuS,
1006 905 1060 949 et
1086 913 1323 969 querens
1340 936 1355 964 ,
1386 917 1413 944 «
1432 892 1684 948 miseram
1712 903 1766 947 et
1794 911 1987 947 onero-

261 1015 374 1049 sam
417 994 630 1072 injungi
673 994 774 1050 sibi
818 995 1213 1066 servitutem,»
1261 995 1464 1071 recepit
1517 993 1836 1071 imperium3
1886 1013 1986 1048 uec

261 1107 442 1153 tamen
467 1092 626 1150 aliter
641 1137 656 1166 ,
680 1114 846 1170 quam
871 1106 956 1165 ut,
980 1094 1361 1171 depositurum
1380 1115 1437 1150 se
1460 1093 1817 1170 quandoque,
1837 1114 1987 1170 spem

262 1195 477 1250 ilicet-et.
510 1195 690 1272 Ipsius
719 1195 887 1251 verba
914 1207 1043 1250 sunt
1071 1216 1082 1250 :
1117 1197 1314 1250 «Dum
1339 1196 1554 1251 veniam
1572 1194 1640 1250 ad
1664 1194 1716 1251 id
1746 1207 1989 1271 tempuS,

262 1316 372 1370 quo
400 1295 555 1351 vobis
575 1316 792 1372 aequum
815 1296 986 1372 possit
1009 1295 1213 1365 videri,
1245 1295 1376 1351 dare
1411 1315 1507 1351 vos
1532 1293 1773 1372 aliquam
1803 1315 1989 1351 senec-

265 1396 366 1450 tuti
398 1415 530 1451 meae
555 1395 817 1471 requiem.
849 1420 876 1447 n

344 1497 521 1552 XXV.
552 1496 865 1552 Cunctandi
894 1518 1053 1553 causa
1084 1509 1202 1553 erat
1228 1510 1406 1554 metus
1435 1497 1676 1573 undique
1706 1500 1991 1553 imminen-

268 1599 404 1651 tium
422 1596 800 1652 discriminum
823 1618 835 1652 :
856 1609 915 1652 ut
933 1619 1102 1675 saepe,
1124 1623 1151 1650 «
1173 1581 1363 1674 lupum
1391 1619 1446 1653 se
1473 1598 1698 1653 auribus
1725 1609 1911 1653 tenere
1928 1639 1942 1668 ,
1965 1621 1990 1648 »

267 1697 488 1752 diceret.
519 1697 662 1753 Nam
692 1708 746 1751 et
776 1717 962 1752 servus
995 1699 1279 1774 Agrippae,
1308 1697 1564 1753 Clemens
1595 1698 1848 1768 nomine,
1881 1717 1989 1751 non

266 1797 721 1854 contemnendam
745 1818 970 1853 manum
994 1799 1050 1852 in
1077 1796 1340 1854 ultionem
1369 1797 1579 1852 domini
1608 1808 1953 1874 compararat
1978 1818 1989 1850 :

265 1911 319 1954 et
351 1901 413 1954 L.
454 1898 771 1954 Scribonius
808 1899 970 1971 Libo,
1001 1899 1086 1954 vir
1119 1897 1343 1970 nobilis,
1381 1919 1465 1954 res
1501 1919 1669 1953 novas
1702 1895 1839 1954 clam
1876 1917 1992 1952 mo-

268 1999 503 2055 liebatur
523 2020 534 2054 :
557 2011 610 2055 et
634 1998 837 2076 duplex
861 1998 1057 2056 seditio
1081 1999 1316 2055 militum
1338 2042 1352 2071 ,
1386 2000 1442 2054 in
1472 1998 1690 2076 Illyrico
1707 2011 1763 2054 et
1786 1999 1839 2053 in
1857 2000 1996 2054 Ger-

269 2101 481 2172 mania,
527 2112 714 2156 exorta
762 2113 860 2156 est.
904 2099 1251 2178 Flagitabant
1297 2101 1461 2155 ambo
1503 2100 1773 2155 exercitus
1821 2096 1994 2153 multa

268 2214 421 2258 extra
466 2201 717 2258 ordinem
758 2222 770 2256 :
810 2212 936 2257 ante
981 2202 1195 2272 omnia,
1238 2213 1301 2256 ut
1337 2213 1687 2277 aequarentur
1719 2197 1996 2276 stipendio

271 2302 626 2379 praetorianis.
659 2303 1069 2358 Germaniciani
1104 2301 1325 2379 quidem
1364 2302 1527 2357 etiam
1564 2301 1870 2378 principem
1903 2298 1997 2354 dc-

270 2402 600 2475 trectabant,
620 2422 732 2459 non
753 2423 785 2458 a
811 2423 867 2459 se
891 2402 1110 2472 datum,
1137 2422 1458 2479 summaque
1488 2402 1541 2457 vi
1565 2402 1962 2457 Germanicum
1982 2443 1996 2471 ,

271 2503 362 2578 qui
390 2514 509 2559 tum
526 2503 591 2558 iis
613 2515 866 2580 praeerat,
892 2502 960 2558 ad
978 2501 1365 2580 capessendam
1390 2500 1791 2578 rempublicam
1810 2521 2001 2577 perur-

273 2603 498 2678 gebant,
516 2622 846 2679 quamquam
871 2602 1158 2659 obfirmate
1185 2603 1544 2658 resistentem.
1564 2603 1746 2674 Quem
1767 2601 2000 2657 maxime

272 2722 458 2758 casum
497 2702 727 2773 timenS,
770 2714 950 2779 partes
989 2703 1127 2773 sibi,
1165 2723 1301 2779 quas
1332 2702 1543 2760 senatui
1578 2700 1803 2773 liberet,
1839 2714 2000 2757 tuen-

276 2804 371 2860 ‹las
408 2804 462 2858 in
498 2802 777 2881 republica
807 2803 1126 2881 depoposcit
1160 2826 1171 2860 ε
1204 2804 1427 2881 quando
1458 2806 1725 2861 universae
1751 2804 2003 2860 sufficere

275 2902 421 2959 solus
455 2924 617 2960 nemo
650 2915 869 2980 posset,
901 2904 1002 2960 nisi
1037 2925 1163 2960 cum
1192 2902 1367 2960 altero
1387 2948 1401 2976 ,
1431 2904 1515 2962 vel
1548 2906 1711 2960 etiam
1735 2925 1861 2960 cum
1888 2902 2006 2980 plu-

275 3005 443 3059 ribus,
491 3000 781 3060 Simulavit
833 3016 887 3059 et
931 3002 1327 3076 valetudinem,
1375 3025 1487 3080 quo
1540 3004 1779 3081 oequiore
1821 3004 2006 3059 animo

277 3105 645 3160 Germanicus
678 3102 905 3161 celerem
940 3104 1339 3160 successionem
1360 3147 1375 3175 ,
1405 3103 1487 3160 vel
1513 3116 1660 3159 certe
1689 3103 2003 3159 societatem

279 3205 651 3282 principatuS,
687 3204 1049 3283 opperiretur.
1083 3207 1419 3283 Compositis
1454 3205 1842 3272 seditionibus,
1875 3189 2003 3258 Cless

280 3318 517 3362 mentem
556 3327 776 3383 quoque
809 3305 999 3363 fraude
1024 3306 1313 3384 deceptum
1344 3307 1552 3383 redegit
1582 3308 1634 3362 in
1663 3314 2003 3382 potestatem.
