2372 3918
767 251 834 297 IN
870 250 1009 298 OCT.
1047 251 1413 298 AUGUSTUM.
1859 272 1947 302 ποι

289 349 397 394 Cn.
430 348 682 394 LXXXII.
714 348 896 410 Pingui.
934 346 1041 394 Scil.
1068 346 1286 393 crassiori
1311 345 1394 394 filo
1419 359 1690 410 compacta,
1714 360 1766 397 ut
1790 351 1838 398 in
1864 355 1954 399 Ju-

218 427 394 483 venal.,
427 441 498 480 ix,
524 424 585 470 28
611 442 622 470 ε

628 586 639 596 .
658 585 668 596 .
687 586 697 597 .
714 584 725 597 .
747 554 915 608 Pingues
930 553 1143 609 aliquando
1165 555 1339 597 lacernas

395 623 644 666 Munimenta
664 632 777 679 togae.

285 776 533 823 Subucula.
567 775 720 823 Vestis
743 775 864 823 linea
887 790 1031 837 quam
1063 776 1311 838 gestabant
1331 778 1422 824 sub
1447 779 1631 825 tunicis.

284 854 507 915 Egelida.
541 854 600 901 H.
628 869 667 899 e.
707 852 893 915 tepida,
915 868 1025 899 nam
1047 852 1282 913 particula
1313 871 1340 900 e
1374 856 1613 902 interdum
1650 855 1854 903 intendit
1887 857 1954 903 si·—

214 928 565 992 gnificationem
580 966 593 989 ‚
617 928 854 975 interdum
883 929 1091 977 remittit.

279 1008 571 1070 Albulisque.
610 1008 755 1066 Plin„
786 1010 847 1054 H.
885 1008 977 1065 ΝΖ,
1003 1023 1151 1067 xxxi,
1185 1024 1212 1053 2
1254 1026 1264 1052 :
1307 1012 1490 1056 «Juxta
1524 1013 1727 1057 Romam
1766 1012 1953 1057 Albula.-

211 1100 353 1146 aquoe
372 1085 651 1132 vulneribus
672 1085 926 1131 medentur
949 1102 961 1130 ε
987 1085 1181 1149 egelidae
1207 1086 1290 1132 hae.
1318 1107 1338 1128 »

275 1164 455 1224 Lignea
486 1164 624 1209 solio·
655 1164 802 1223 Quod
838 1163 1011 1211 dicitur
1035 1165 1084 1209 in
1113 1164 1303 1211 laudem
1330 1166 1552 1227 Augusti,
1579 1183 1687 1214 nam
1715 1169 1950 1231 tempori-

209 1240 300 1285 bus
331 1239 421 1285 illis
444 1250 665 1303 argentea
688 1239 866 1286 fiebant
891 1242 1166 1288 balnearum
1204 1244 1346 1288 solia.
1371 1243 1517 1302 Plin.,
1542 1246 1601 1289 H.
1638 1246 1726 1301 N.‚
1756 1261 1922 1292 xxxtn
1938 1282 1950 1303 ,

217 1332 273 1361 12
307 1334 318 1361 ε
345 1336 364 1357 α
392 1302 550 1374 Quum
575 1318 758 1363 feminae
781 1319 997 1364 laventur
1016 1328 1064 1365 et
1085 1319 1176 1365 nisi
1206 1330 1428 1384 argentea
1449 1321 1566 1368 solia
1589 1322 1843 1369 fastidiant.
1865 1344 1885 1363 »

279 1396 388 1441 Car.
430 1396 705 1442 LXXXIII.
745 1396 1132 1459 Folliculumque.
1171 1397 1270 1444 Pila
1319 1407 1419 1445 erat
1465 1398 1638 1458 minor,
1681 1401 1952 1463 pugnisque

212 1472 507 1532 ejiciebatur,
531 1481 579 1519 et
599 1474 1001 1536 pugillaris-follis
1026 1475 1288 1521 dicebatur.
1306 1478 1457 1523 Plaut.
1473 1513 1486 1535 ‚
1502 1479 1619 1523 Rud.
1631 1513 1646 1534 ‚
1675 1495 1735 1524 111
1750 1514 1763 1536 ‚
1789 1486 1840 1537 4,
1863 1480 1919 1528 16
1938 1497 1950 1524 :

388 1659 399 1668 .
419 1658 431 1668 .
455 1658 464 1667 .
491 1658 502 1668 .
526 1629 734 1683 Extemplo
757 1629 891 1669 hercle
912 1636 952 1669 te
975 1628 1109 1670 follem
1126 1629 1419 1684 pugillator-ium

383 1696 553 1738 Faciam.

213 1858 217 1863 ’
274 1846 514 1891 Extremis
537 1846 718 1905 φαιῶν.
753 1846 903 1892 Intell.
934 1847 1024 1892 sub
1053 1845 1199 1893 finem
1225 1850 1573 1896 ambulationis.

277 1923 518 1968 ocellatis.
545 1922 764 1969 Globulis
785 1924 861 1969 vel
883 1923 1108 1984 lapideis,
1128 1927 1201 1971 vel
1215 1918 1457 1984 eburneis,
1484 1929 1659 1989 quibus
1685 1931 1950 1976 olimlude-

207 2001 325 2046 bant
343 2001 526 2062 puellae.

276 2072 586 2139 Nucibusq'ue.
626 2078 838 2125 Nucibus
874 2079 1037 2125 ludere
1074 2081 1290 2127 solebant
1327 2083 1499 2143 pueri,
1537 2093 1584 2129 et
1611 2100 1767 2130 -nuces
1799 2087 1948 2130 relin-

207 2170 349 2216 quere
392 2154 512 2201 seria
549 2155 785 2214 tracturi,
823 2156 922 2216 jam
966 2165 1100 2204 aetate
1142 2158 1422 2220 grandiores
1459 2161 1756 2208 dicebantur.
1793 2166 1921 2209 Pers.
1937 2198 1950 2221 ,

206 2247 250 2290 1,
290 2245 385 2278 103

387 2395 399 2406 .
419 2394 433 2408 .
454 2395 465 2406 .
488 2396 500 2407 .
520 2368 570 2407 Et
592 2365 759 2407 nucibus
778 2366 943 2408 tacimus·
960 2380 1220 2424 quoecumque
1242 2368 1403 2411 relictis.

277 2515 384 2561 Cu.
412 2514 689 2562 LXXXIV.
720 2517 976 2562 Graviores.
1005 2517 1065 2563 H.
1091 2532 1130 2562 e.
1156 2516 1387 2578 gravioris
1410 2517 1651 2564 momenti.

275 2591 540 2638 Phonasco.
582 2592 680 2652 Qui
715 2593 766 2639 in
810 2594 1028 2640 oratione
1059 2594 1278 2640 tollendae
1321 2596 1397 2640 vel
1431 2596 1774 2642 summittenda!
1818 2598 1949 2644 vocis

207 2670 392 2732 regulas
416 2670 649 2717 edoceret.
680 2673 754 2717 De
773 2672 1020 2732 phonasco
1049 2675 1205 2719 Varro
1229 2672 1357 2734 apud
1379 2674 1531 2733 Nom,
1559 2691 1627 2732 11,
1653 2675 1748 2722 826
1774 2691 1785 2719 :

386 2822 614 2865 Phonascus
635 2838 742 2876 sum,
766 2825 954 2880 vocisque
975 2826 1275 2875 suscitabulum‚

387 2893 723 2949 Cantantiumque
746 2895 868 2949 gallus
885 2895 1135 2950 gallinaceus.

274 3038 381 3085 Cn>-
404 3039 657 3087 LXXXV.
676 3042 759 3086 Ad
759 3043 1143 3106 philosophiam.
1159 3044 1296 3091 Philo
1320 3045 1411 3106 leg.
1428 3044 1488 3090 ad
1505 3044 1668 3090 Caium
1680 3080 1692 3103 ‚
1716 3062 1763 3106 p.
1785 3045 1907 3091 1036
1934 3063 1944 3090 ε

209 3114 245 3164 ὁ
272 3128 462 3175 τοσοῦτος
481 3126 645 3184 ἡγεμὼν
669 3126 781 3170 κατὰ
803 3129 1035 3187 φιλοσοφίαν
1062 3126 1220 3180 οὐδενὸς
1241 3125 1437 3188 δεύτερος.

273 3195 348 3238 De
368 3196 469 3240 vita
494 3212 597 3242 sua.
622 3196 683 3243 Hi
707 3206 817 3243 sunt
839 3199 1175 3246 commentarii
1198 3215 1322 3262 quos
1347 3201 1459 3246 citat
1482 3201 1716 3246 Plutarch.
1732 3237 1746 3260 ‚
1770 3201 1817 3246 in
1843 3205 1948 3248 An-

210 3281 300 3316 con.
316 3304 330 3325 ,
358 3287 477 3318 xxu.
