2372 3918
784 275 850 319 IN
886 275 936 319 C.
972 274 1013 318 J.
1046 273 1372 318 cAESAREM.
1868 272 1957 335 159

280 368 465 416 omaso
486 371 662 417 ordine.
695 371 832 418 Ordo
862 370 954 417 fuit
976 370 1089 416 hic:
1115 370 1346 430 praeibant
1372 369 1672 432 magistratus
1693 379 1739 415 et
1769 382 1960 420 senatus

206 445 372 503 positis
397 446 639 510 dignitatis
662 447 952 511 insignibus3
975 447 1303 508 sequebantur
1333 446 1517 507 equites
1540 447 1707 493 habitu
1735 449 1959 510 lugubri3

207 521 380 569 deinde
400 524 571 572 milites
595 541 702 572 cum
731 524 900 583 armis,
934 523 1018 571 sed
1042 523 1211 583 versis;
1244 532 1489 585 postremo
1519 526 1730 584 populus
1753 541 1842 586 per
1867 528 1958 573 tri-

204 598 308 644 bus.
328 601 467 648 Hunc
491 603 710 650 ordinem
726 601 1082 650 constituebant
1104 602 1430 663 designatores
1457 616 1541 646 seu
1563 602 1747 647 domem
1748 601 1956 660 fauens

202 678 400 737 Rosm„
434 682 566 727 Rom.
596 693 715 737 vet„
741 697 789 742 p.
818 694 912 741 229
937 687 983 725 et
1009 678 1119 725 352.

268 758 403 802 Inter
420 760 569 805 ludos.
587 761 660 806 De
683 757 807 805 ludis
829 756 1024 804 scenicis
1046 756 1173 803 inter
1193 757 1361 804 funera
1385 756 1633 803 celebratis
1655 757 1802 804 multa
1825 759 1955 820 apud

200 832 413 881 Kirchm.
431 870 446 894 ,
473 837 536 883 de
556 838 675 884 Fun.
707 852 849 892 rom„
876 851 947 893 11,
981 852 1026 894 7,
1048 850 1096 896 p.
1134 850 1225 880 100
1253 851 1359 897 sqq.

268 924 350 967 Ex
383 924 624 970 Pacuvii...
643 924 844 982 judicio.
883 917 1116 986 Tragieus
1152 923 1294 970 Ennii
1327 922 1536 984 aequalis.
1559 923 1645 968 Ille
1673 924 1954 986 tragoediam

197 998 447 1059 scripserat
490 1000 551 1047 de
580 1016 822 1047 armorum
862 1000 1056 1047 Achillis
1106 1000 1451 1062 disceptatione
1491 999 1615 1045 inter
1652 1000 1867 1061 Ulyssem
1909 1010 1955 1047 et

200 1076 419 1137 AJacem‚
444 1078 521 1123 cui
554 1079 722 1124 titulus
749 1095 760 1124 ε
787 1082 1043 1125 Armorum
1061 1077 1311 1138 judicium.

269 1166 425 1212 Atilii.
459 1167 710 1228 Sophoclis
746 1170 990 1214 Electram
1022 1167 1216 1214 latinam
1251 1167 1427 1213 fecerat
1445 1202 1458 1224 ‚
1486 1166 1546 1212 de
1576 1181 1677 1227 quo
1717 1165 1842 1224 Cic„
1893 1169 1955 1213 de

195 1242 348 1289 Finib.
363 1276 379 1299 ,
406 1259 450 1302 1,
477 1259 503 1290 2
532 1262 543 1289 .·
570 1266 590 1286 α
605 1248 648 1291 Α
665 1246 842 1307 quibus
865 1255 1051 1292 tantum
1069 1245 1324 1303 dissentio,
1345 1253 1400 1290 ut
1425 1260 1574 1306 quum
1599 1244 1863 1305 Sophocles
1877 1247 1954 1292 vel

196 1319 376 1380 optime
407 1322 647 1384 scripserit
689 1325 963 1380 Electram,
1009 1331 1168 1369 tamen
1203 1324 1324 1368 male
1359 1337 1636 1368 conversam
1666 1321 1801 1368 Atilii
1836 1322 1953 1368 mihi

193 1397 443 1460 legendam
465 1408 647 1460 putem.
664 1421 684 1443 ›‚

260 1475 741 1524 Senatus-consultum.
769 1479 895 1525 Vide
918 1494 1063 1541 supra
1076 1513 1090 1537 ,
1114 1494 1261 1524 Lxxw
1287 1486 1335 1524 et
1357 1493 1565 1524 Lxxvul.

243 1563 616 1624 *Im—jurandum.
653 1569 800 1628 Quod
837 1569 939 1630 ipse
971 1576 1135 1614 narrat
1168 1567 1428 1624 Antonius,
1452 1566 1502 1611 in
1527 1566 1754 1627 Appiam,
1776 1567 1836 1612 B.
1871 1566 1919 1612 C.
1933 1601 1948 1622 ,

199 1659 262 1702 11,
284 1659 333 1704 P·
366 1641 460 1690 506
487 1661 498 1690 :
522 1654 708 1711 Καίσαρι
733 1654 885 1703 πάντες
914 1654 1136 1712 ὠμόσαμεν
1153 1687 1164 1706 ,
1186 1654 1358 1711 φύλακες
1385 1647 1497 1709 αὐτῷ
1527 1656 1598 1694 τοῦ
1621 1651 1813 1709 σώματος
1838 1654 1865 1700 ἢ
1896 1669 1953 1694 τι·

198 1726 322 1786 μωροὶ
342 1729 515 1772 παθόντι
550 1731 727 1774 ἱσεσθαι.

262 1812 343 1857 Ex
373 1812 679 1859 instrumento
719 1815 1074 1875 triumphorum.
1110 1814 1169 1859 H.
1195 1828 1236 1858 e.
1269 1822 1503 1874 apparatu
1541 1811 1817 1873 triumphali
1851 1829 1947 1874 quo

197 1888 271 1934 usi
293 1888 483 1934 fuerant
499 1887 549 1935 in
573 1889 759 1937 actione
782 1891 1010 1937 ludorum
1034 1889 1225 1938 Caesaris
1240 1888 1615 1951 triumphalium.
1633 1889 1757 1936 Vide
1784 1906 1952 1951 supra,

193 1982 384 2014 xxxvn.

271 2045 655 2093 Veteranorum...
691 2047 955 2110 legionarii.
983 2047 1042 2092 H.
1070 2061 1108 2091 e.
1132 2045 1342 2108 legiones
1367 2045 1640 2107 compositae
1663 2063 1691 2092 e
1712 2049 1951 2092 veteranis

194 2123 416 2169 militibus
429 2157 445 2180 ,
464 2140 570 2186 quae
586 2127 749 2170 Romae
778 2133 891 2170 tunc
915 2133 1050 2171 erant
1062 2159 1075 2182 ,
1100 2123 1438 2170 deductionem
1467 2123 1518 2170 in
1531 2124 1792 2186 promissos
1812 2139 1951 2187 agros

197 2209 535 2261 exspectantes.

264 2291 438 2335 Judoei.
472 2292 698 2336 Caesarem
728 2293 755 2336 J
760 2290 882 2336 udaei
916 2290 1178 2351 diligebant
1203 2292 1267 2336 ob
1302 2289 1542 2336 devictum
1580 2291 1860 2354 Pompeium
1876 2326 1889 2349 ,
1924 2308 1949 2337 a

199 2384 298 2430 quo
322 2368 439 2414 urbs
461 2367 675 2429 ipsorum
699 2377 969 2429 expugnata
992 2368 1160 2414 fuerat.
1185 2370 1487 2414 Navaverant
1510 2368 1600 2430 ipsi
1625 2385 1821 2431 operam
1845 2371 1949 2416 Cae-

200 2445 320 2504 sari,
337 2445 387 2491 in
409 2447 538 2492 bello
571 2446 813 2507 alexandJ',
838 2454 955 2492 teste
980 2447 1198 2506 Joseph.‚
1223 2448 1336 2491 Ant.
1342 2445 1450 2503 jud.
1463 2480 1477 2502 ‚
1511 2463 1623 2505 nv,
1652 2452 1708 2502 xl,
1729 2464 1739 2492 ε
1766 2455 1950 2512 Καίσαρι

197 2535 440 2588 πολεμοῦντι
466 2535 562 2574 κατ’
590 2531 797 2589 Αἴγυπτον
830 2532 881 2580 εἰς
904 2530 1036 2573 πολλὰ
1064 2530 1260 2589 χρήσιμον
1294 2531 1414 2572 αὑτὸν
1444 2532 1650 2588 παρίσχιν
1675 2523 1951 2589 Ᾰντίπατρος,

197 2610 215 2650 ὁ
249 2614 328 2651 τῶν
360 2598 555 2651 Ῐουδαίων
581 2608 836 2667 ἐπιμελητής.

266 2690 378 2735 Cn.
404 2690 654 2735 LXXXV.
682 2690 895 2735 Helvium
915 2688 1128 2735 Cinnam.
1146 2689 1251 2734 Val.
1275 2689 1429 2747 Max.,
1451 2704 1527 2747 lx,
1551 2705 1612 2750 9:
1638 2709 1657 2730 α
1683 2690 1735 2735 C.
1752 2690 1948 2736 Helvius

197 2766 373 2823 Cinna,
411 2766 631 2812 tribunus
653 2766 829 2827 plebis,
855 2782 913 2810 ex
927 2766 1092 2812 funere
1107 2766 1157 2812 C.
1173 2766 1365 2811 Caesaris
1389 2765 1586 2811 domum
1599 2782 1734 2813 suam
1754 2776 1923 2828 petens
1936 2804 1948 2825 ,

196 2843 368 2905 populi
392 2844 611 2889 manibus
631 2843 898 2904 discerptus
921 2852 990 2888 est
1004 2858 1095 2904 pro
1114 2843 1339 2889 Cornelio
1357 2843 1507 2889 Cinna
1521 2878 1534 2901 ‚
1559 2844 1611 2890 in
1629 2860 1775 2906 quem
1788 2846 1949 2891 saevire

198 2937 247 2966 se
263 2920 586 2979 existimabat;
602 2920 749 2966 iratus
765 2920 831 2978 ei,
848 2920 1005 2982 quod,
1024 2937 1175 2982 quum
1191 2918 1345 2967 affinis
1361 2930 1480 2967 esset
1496 2922 1710 2980 Caesaris,
1724 2922 1949 2970 adversus

202 3013 312 3043 eum
327 3032 340 3056 ,
361 2996 541 3043 nefarie
560 3007 750 3059 raptum
764 3032 777 3056 ,
807 2996 1001 3059 impiam
1016 3013 1109 3059 pro
1136 2998 1303 3045 rostris
1324 2998 1565 3045 habuisset
1588 3000 1868 3045 orationem.
1888 3021 1907 3040 »

269 3086 569 3133 Circumtulit.
604 3087 737 3133 Idem
759 3096 920 3133 narrat
949 3089 1053 3134 Val.
1090 3090 1243 3147 Max.,
1276 3088 1386 3133 ibid.

268 3166 415 3226 Apud
434 3166 661 3211 eamdem.
692 3167 856 3223 Quum
880 3154 997 3212 vero
1028 3175 1215 3212 constet
1237 3167 1383 3227 paulo
1405 3174 1515 3227 post
1545 3165 1778 3226 dejectam
1808 3166 1949 3213 fuisse

198 3243 464 3288 columnam
491 3242 617 3288 illam
634 3240 758 3307 (Cic.
773 3280 786 3303 ,
812 3244 939 3289 Phil.
954 3278 969 3299 ,
988 3261 1005 3290 ι
1018 3280 1031 3302 ,
1057 3259 1083 3289 2
1100 3280 1112 3302 ,
1139 3228 1293 3290 Noris.
1317 3244 1471 3290 Cenot.
1496 3245 1660 3291 Pisan.
1678 3246 1805 3292 Diss.
1820 3279 1833 3300 ,
1851 3244 1948 3308 in),

197 3319 445 3366 verisimile
469 3321 659 3366 videtur
695 3322 975 3368 Suetonium
999 3322 1211 3368 indicare
1246 3320 1472 3368 sacrificia
1505 3332 1695 3383 peracta
1728 3323 1869 3368 fuisse
1900 3323 1947 3367 in
