2372 3918
342 263 402 310 88
1012 265 1060 310 C.
1093 265 1381 312 SUE'l·ON11

419 370 538 424 LX.
583 371 758 446 Reges
788 369 949 424 amici
980 380 1145 445 atque
1179 370 1339 441 socii,
1369 380 1424 424 et
1454 366 1653 445 singuli
1688 368 1743 423 in
1776 389 1875 425 suo
1899 370 2045 445 quis·

341 488 448 545 que
475 489 646 548 regno
672 471 943 526 Caesareas
972 469 1135 525 urbes
1167 469 1557 541 condiderunt,
1589 480 1643 525 et
1671 468 1856 525 cuncti
1884 468 2044 525 simul

338 567 509 624 aedem
553 569 700 624 Jovis
752 566 996 645 Olympii
1014 611 1029 639 ,
1079 569 1308 625 Athenis
1353 569 1656 646 antiquitus
1703 566 2046 641 inchoatam,

337 667 597 745 perficere
616 668 894 724 communi
917 678 1140 745 sumptu
1162 667 1573 725 destinaverunt
1586 711 1602 742 ,
1626 667 1913 743 Genioque
1932 666 2048 743 ejus

339 766 611 837 dedicare3
642 786 706 822 ac
735 786 876 842 saepe
904 767 1088 844 regnis
1121 765 1347 838 relictiS‚
1376 787 1488 823 non
1517 770 1707 824 Romae
1732 766 1923 839 modu,
1956 765 2049 823 sed

337 865 646 943 provincias
681 867 1020 942 peragranti,
1048 854 1371 942 'quotidiana
1400 867 1581 923 officia
1612 868 1811 945 togati,
1841 887 1903 923 ac
1934 867 2050 922 sine

337 965 489 1042 regio
525 965 748 1042 insigni,
784 985 937 1021 more
971 964 1253 1022 clientium
1280 967 1666 1043 praestiterunt.

418 1066 564 1121 LXI.
609 1065 918 1137 Quoniam,
948 1064 1123 1142 qualis
1156 1066 1213 1121 in
1245 1066 1487 1144 imperiis
1519 1088 1582 1123 ac
1614 1068 2049 1145 magistratibuS‚

339 1163 684 1242 regendaque
721 1185 819 1241 per
860 1176 1132 1220 terrarum
1171 1166 1358 1222 orbem
1402 1187 1536 1244 pace
1574 1165 1830 1244 belloque
1866 1170 2052 1245 Repu-

339 1262 480 1320 blica
509 1263 698 1336 fuerit,
733 1265 988 1341 exposui3
1023 1264 1256 1322 referam
1285 1286 1433 1322 nunc
1461 1268 1776 1323 interiorem
1807 1288 1870 1323 ac
1899 1266 2053 1323 fami-

337 1361 531 1418 liarem
578 1366 692 1439 ejus
737 1365 940 1434 vitam,
981 1365 1290 1441 quibusque
1336 1366 1581 1421 moribus
1625 1378 1790 1442 atque
1830 1366 2053 1422 fortuna

342 1461 490 1518 (lomi
520 1474 572 1517 et
603 1463 747 1518 inter
773 1484 900 1519 suos
930 1465 1101 1541 egerit
1126 1485 1158 1519 a
1182 1465 1410 1541 juventa
1435 1485 1610 1542 usque
1637 1465 1707 1522 ad
1737 1486 2053 1543 supremum

339 1563 463 1617 vitae
493 1561 653 1617 diem.
688 1564 927 1619 Matrem
962 1564 1142 1631 amisit
1168 1564 1225 1619 in
1253 1565 1434 1642 primo
1464 1563 1778 1638 consulatu,
1810 1585 2053 1621 sororem

340 1662 628 1717 Octaviam
658 1663 1175 1740 quinquagesimum
1199 1675 1253 1718 et
1279 1676 1538 1740 quartum
1565 1685 1731 1742 agens
1757 1666 1930 1721 aetatis
1955 1685 2055 1721 an-

339 1781 489 1817 num.
530 1762 767 1837 Utrique
799 1783 971 1839 quum
1001 1764 1275 1842 praecipua
1307 1763 1487 1820 officia
1516 1765 1650 1819 vivae
1685 1765 2053 1841 praestitisset,

338 1861 502 1919 etiam
534 1860 805 1917 defunctae
833 1863 1070 1919 honores
1100 1864 1364 1919 maximos
1398 1864 1606 1919 tribuit.

416 1963 594 2017 LXII.
640 1964 911 2040 Sponsam
935 1963 1205 2020 habuerat
1232 1962 1544 2020 adolescens
1571 1967 1632 2020 P.
1661 1964 1876 2020 Servilii
1903 1968 2054 2021 Isau-

337 2062 436 2117 rici
477 2060 646 2117 filiam
683 2084 695 2117 :
734 2062 829 2118 sed
870 2061 1251 2120 reconciliatus
1290 2074 1415 2141 post
1454 2066 1688 2141 primam
1726 2064 2055 2121 discordiam

337 2163 606 2231 Antonio,
638 2162 1108 2239 expostulantibus
1138 2165 1425 2241 utriusque
1454 2163 1745 2238 militibus,
1781 2177 1844 2221 ut
1872 2176 1927 2221 et
1956 2186 2054 2221 ne-

337 2260 666 2317 cessitudine
710 2260 893 2337 aliqua
933 2263 1331 2341 jungerentur,
1375 2264 1683 2342 privignam
1725 2266 1842 2341 ejus
1887 2264 2055 2322 Clau-

337 2359 512 2433 diam,
534 2360 736 2420 Fulviae
760 2382 824 2416 ex
849 2364 906 2418 P.
933 2361 1130 2419 Clodio
1155 2361 1349 2436 filiam,
1370 2363 1530 2418 duxit
1556 2383 1805 2435 uxorem,
1827 2364 2055 2419 vixdum

336 2458 607 2530 nubilem;
640 2480 704 2515 ac
733 2460 1007 2519 simultate
1037 2483 1164 2517 cum
1199 2461 1390 2517 Fulvia
1417 2483 1577 2517 socru
1607 2474 1820 2535 exorta,
1849 2463 2056 2519 dimisit

336 2559 599 2616 intactam
627 2559 808 2614 adhuc
838 2571 892 2615 et
920 2561 1206 2636 virginem.
1241 2563 1375 2616 Mox
1406 2562 1749 2617 Scriboniam
1778 2563 1834 2618 in
1868 2565 2055 2619 matri-

336 2660 586 2717 monium
615 2661 854 2736 accepit,
890 2671 1121 2739 nuptam
1150 2673 1276 2717 ante
1307 2660 1522 2718 duobus
1556 2662 1965 2736 consularibus,
2001 2675 2055 2720 et

337 2779 402 2813 ex
426 2757 602 2814 altero
623 2759 789 2815 etiam
813 2771 1060 2815 matrem.
1087 2761 1231 2816 Cum
1255 2761 1358 2816 hac
1382 2763 1546 2817 ctiam
1574 2761 2052 2834 divortiumfecit,

337 2870 620 2934 pertaeSUS,
650 2870 712 2913 ut
745 2859 955 2930 scribit,
983 2880 1202 2915 morum
1233 2861 1643 2936 perversitatem
1673 2862 1789 2937 ejus
1818 2883 1831 2916 ε
1860 2883 1923 2918 ac
1950 2873 2054 2919 sta-

338 2959 435 3012 tim
469 2959 683 3014 Liviam
722 2958 1021 3015 Drusillam
1067 2960 1418 3015 matrimonio
1454 2960 1659 3015 Tiberii
1701 2961 1965 3034 NeroniS,
1999 2972 2054 3016 et

336 3055 558 3131 quidem
597 3070 1003 3134 praegnantem,
1051 3058 1310 3126 abduxit,
1359 3057 1659 3138 dilexitque
1701 3072 1757 3115 et
1800 3060 2052 3136 probavit

274 3199 284 3203 -
338 3155 498 3212 unice
528 3176 591 3213 ac
621 3169 1047 3234 perseveranter.

336 3301 339 3303 .
418 3257 617 3312 LXIII.
667 3261 749 3313 Ex
787 3257 1073 3313 Scribonia
1110 3255 1343 3328 Juliam,
1386 3278 1451 3313 ex
1484 3259 1641 3314 Livia
1681 3258 1816 3315 nihil
1850 3258 2050 3317 libero-
