<?xml version="1.0" encoding="UTF-8"?>
<!DOCTYPE html PUBLIC "-//W3C//DTD XHTML 1.0 Transitional//EN"
    "http://www.w3.org/TR/xhtml1/DTD/xhtml1-transitional.dtd">
<html xmlns="http://www.w3.org/1999/xhtml" xml:lang="en" lang="en">
 <head>
  <title>
</title>
<meta http-equiv="Content-Type" content="text/html;charset=utf-8" />
  <meta name='ocr-system' content='tesseract 3.04.00' />
  <meta name='ocr-capabilities' content='ocr_page ocr_carea ocr_par ocr_line ocrx_word'/>
</head>
<body>
  <div class='ocr_page' id='page_1' title='image "./operasuet00suetuoft_0124.png"; bbox 0 0 2372 3918; ppageno 0'>
   <div class='ocr_carea' id='block_1_1' title="bbox 358 244 1400 310">
    <p class='ocr_par' dir='ltr' id='par_1_1' title="bbox 358 244 1400 310">
     <span class='ocr_line' id='line_1_1' title="bbox 358 244 1400 310; baseline -0.004 -18"><span class='ocrx_word' id='word_1_1' title='bbox 358 247 419 310; x_wconf 80' lang='lat'>96</span> <span class='ocrx_word' id='word_1_2' title='bbox 1030 244 1078 290; x_wconf 89' lang='lat' dir='ltr'>c.</span> <span class='ocrx_word' id='word_1_3' title='bbox 1111 244 1400 290; x_wconf 79' lang='lat' dir='ltr'>sUETONn</span> 
     </span>
    </p>
   </div>
   <div class='ocr_carea' id='block_1_2' title="bbox 356 346 2086 3312">
    <p class='ocr_par' dir='ltr' id='par_1_2' title="bbox 356 346 2065 506">
     <span class='ocr_line' id='line_1_2' title="bbox 356 346 2065 424; baseline -0.002 -18"><span class='ocrx_word' id='word_1_4' title='bbox 356 352 484 406; x_wconf 85' lang='lat' dir='ltr'>vitae</span> <span class='ocrx_word' id='word_1_5' title='bbox 510 347 1033 405; x_wconf 90' lang='lat' dir='ltr'>continentissimum</span> <span class='ocrx_word' id='word_1_6' title='bbox 1062 347 1226 404; x_wconf 87' lang='lat' dir='ltr'>fuisse</span> <span class='ocrx_word' id='word_1_7' title='bbox 1252 359 1491 418; x_wconf 88' lang='lat' dir='ltr'>constat,</span> <span class='ocrx_word' id='word_1_8' title='bbox 1523 367 1584 401; x_wconf 88' lang='lat' dir='ltr'>ac</span> <span class='ocrx_word' id='word_1_9' title='bbox 1613 347 1727 402; x_wconf 90' lang='lat' dir='ltr'>sine</span> <span class='ocrx_word' id='word_1_10' title='bbox 1757 346 2065 424; x_wconf 81' lang='lat' dir='ltr'>suspicione</span> 
     </span>
     <span class='ocr_line' id='line_1_3' title="bbox 358 449 684 506; baseline -0.006 0"><span class='ocrx_word' id='word_1_11' title='bbox 358 449 521 506; x_wconf 92' lang='lat' dir='ltr'>ullius</span> <span class='ocrx_word' id='word_1_12' title='bbox 550 449 684 505; x_wconf 87' lang='lat' dir='ltr'>vitii.</span> 
     </span>
    </p>

    <p class='ocr_par' dir='ltr' id='par_1_3' title="bbox 358 548 2086 2995">
     <span class='ocr_line' id='line_1_4' title="bbox 437 548 2066 625; baseline -0.002 -19"><span class='ocrx_word' id='word_1_13' title='bbox 437 551 665 606; x_wconf 90' lang='lat' dir='ltr'>LXXII.</span> <span class='ocrx_word' id='word_1_14' title='bbox 718 548 997 605; x_wconf 85' lang='lat' dir='ltr'>Habitavit</span> <span class='ocrx_word' id='word_1_15' title='bbox 1045 550 1224 625; x_wconf 92' lang='lat' dir='ltr'>primo</span> <span class='ocrx_word' id='word_1_16' title='bbox 1265 548 1424 624; x_wconf 87' lang='lat' dir='ltr'>juxta</span> <span class='ocrx_word' id='word_1_17' title='bbox 1468 550 1782 604; x_wconf 87' lang='lat' dir='ltr'>Romanum</span> <span class='ocrx_word' id='word_1_18' title='bbox 1829 550 2032 603; x_wconf 91' lang='lat' dir='ltr'>Forum</span> <span class='ocrx_word' id='word_1_19' title='bbox 2051 591 2066 620; x_wconf 94' lang='lat'>,</span> 
     </span>
     <span class='ocr_line' id='line_1_5' title="bbox 359 646 2070 728; baseline -0.001 -22"><span class='ocrx_word' id='word_1_20' title='bbox 359 670 525 728; x_wconf 91' lang='lat' dir='ltr'>supra</span> <span class='ocrx_word' id='word_1_21' title='bbox 553 647 734 705; x_wconf 83' lang='lat' dir='ltr'><strong>Scalas</strong></span> <span class='ocrx_word' id='word_1_22' title='bbox 764 646 1059 719; x_wconf 89' lang='lat' dir='ltr'>anularias,</span> <span class='ocrx_word' id='word_1_23' title='bbox 1086 648 1142 702; x_wconf 91' lang='lat' dir='ltr'>in</span> <span class='ocrx_word' id='word_1_24' title='bbox 1169 646 1332 703; x_wconf 92' lang='lat' dir='ltr'>domo</span> <span class='ocrx_word' id='word_1_25' title='bbox 1361 668 1480 725; x_wconf 85' lang='lat' dir='ltr'>quae</span> <span class='ocrx_word' id='word_1_26' title='bbox 1509 646 1664 704; x_wconf 88' lang='lat' dir='ltr'>Calvi</span> <span class='ocrx_word' id='word_1_27' title='bbox 1696 647 1927 704; x_wconf 88' lang='lat' dir='ltr'>oratoris</span> <span class='ocrx_word' id='word_1_28' title='bbox 1955 646 2070 704; x_wconf 87' lang='lat' dir='ltr'>fue-</span> 
     </span>
     <span class='ocr_line' id='line_1_6' title="bbox 358 745 2070 826; baseline -0.004 -20"><span class='ocrx_word' id='word_1_29' title='bbox 358 763 445 806; x_wconf 85' lang='lat' dir='ltr'>rat</span> <span class='ocrx_word' id='word_1_30' title='bbox 474 771 487 805; x_wconf 90' lang='lat'>:</span> <span class='ocrx_word' id='word_1_31' title='bbox 522 760 709 826; x_wconf 89' lang='lat' dir='ltr'>postea</span> <span class='ocrx_word' id='word_1_32' title='bbox 739 748 795 802; x_wconf 91' lang='lat' dir='ltr'>in</span> <span class='ocrx_word' id='word_1_33' title='bbox 826 745 1079 818; x_wconf 63' lang='lat' dir='ltr'>Palatio,</span> <span class='ocrx_word' id='word_1_34' title='bbox 1099 746 1195 804; x_wconf 90' lang='lat' dir='ltr'>sed</span> <span class='ocrx_word' id='word_1_35' title='bbox 1223 747 1579 805; x_wconf 87' lang='lat' dir='ltr'>nihilominus</span> <span class='ocrx_word' id='word_1_36' title='bbox 1610 746 1814 803; x_wconf 88' lang='lat' dir='ltr'>aedibus</span> <span class='ocrx_word' id='word_1_37' title='bbox 1842 745 2070 802; x_wconf 90' lang='lat' dir='ltr'>modicis</span> 
     </span>
     <span class='ocr_line' id='line_1_7' title="bbox 358 844 2070 925; baseline -0.004 -18"><span class='ocrx_word' id='word_1_38' title='bbox 358 849 762 919; x_wconf 82' lang='lat' dir='ltr'>HortensianiS,</span> <span class='ocrx_word' id='word_1_39' title='bbox 792 857 845 903; x_wconf 89' lang='lat' dir='ltr'>et</span> <span class='ocrx_word' id='word_1_40' title='bbox 872 866 1049 923; x_wconf 87' lang='lat' dir='ltr'>neque</span> <span class='ocrx_word' id='word_1_41' title='bbox 1079 844 1326 918; x_wconf 82' lang='lat' dir='ltr'>laxitate,</span> <span class='ocrx_word' id='word_1_42' title='bbox 1352 868 1529 925; x_wconf 91' lang='lat' dir='ltr'>neque</span> <span class='ocrx_word' id='word_1_43' title='bbox 1557 845 1711 903; x_wconf 88' lang='lat' dir='ltr'>cultu</span> <span class='ocrx_word' id='word_1_44' title='bbox 1735 846 2070 923; x_wconf 83' lang='lat' dir='ltr'>conspicuiS‚</span> 
     </span>
     <span class='ocr_line' id='line_1_8' title="bbox 364 944 2072 1024; baseline -0.003 -19"><span class='ocrx_word' id='word_1_45' title='bbox 364 961 425 1006; x_wconf 89' lang='lat' dir='ltr'>ut</span> <span class='ocrx_word' id='word_1_46' title='bbox 456 949 513 1004; x_wconf 93' lang='lat' dir='ltr'>in</span> <span class='ocrx_word' id='word_1_47' title='bbox 546 947 746 1024; x_wconf 92' lang='lat' dir='ltr'>quibus</span> <span class='ocrx_word' id='word_1_48' title='bbox 778 946 1023 1024; x_wconf 89' lang='lat' dir='ltr'>porticus</span> <span class='ocrx_word' id='word_1_49' title='bbox 1054 949 1245 1005; x_wconf 89' lang='lat' dir='ltr'>breves</span> <span class='ocrx_word' id='word_1_50' title='bbox 1276 959 1456 1005; x_wconf 85' lang='lat' dir='ltr'><strong>essent</strong></span> <span class='ocrx_word' id='word_1_51' title='bbox 1490 946 1826 1005; x_wconf 89' lang='lat' dir='ltr'>Albanarum</span> <span class='ocrx_word' id='word_1_52' title='bbox 1863 944 2072 1002; x_wconf 92' lang='lat' dir='ltr'>colum-</span> 
     </span>
     <span class='ocr_line' id='line_1_9' title="bbox 361 1046 2071 1125; baseline -0.001 -22"><span class='ocrx_word' id='word_1_53' title='bbox 361 1068 556 1103; x_wconf 89' lang='lat' dir='ltr'>narum</span> <span class='ocrx_word' id='word_1_54' title='bbox 575 1089 590 1118; x_wconf 91' lang='lat'>,</span> <span class='ocrx_word' id='word_1_55' title='bbox 634 1058 690 1102; x_wconf 91' lang='lat' dir='ltr'>et</span> <span class='ocrx_word' id='word_1_56' title='bbox 736 1047 853 1106; x_wconf 84' lang='lat' dir='ltr'>sine</span> <span class='ocrx_word' id='word_1_57' title='bbox 899 1069 1171 1105; x_wconf 89' lang='lat' dir='ltr'>marmore</span> <span class='ocrx_word' id='word_1_58' title='bbox 1217 1046 1331 1105; x_wconf 93' lang='lat' dir='ltr'>ullo</span> <span class='ocrx_word' id='word_1_59' title='bbox 1376 1059 1473 1104; x_wconf 89' lang='lat' dir='ltr'>aut</span> <span class='ocrx_word' id='word_1_60' title='bbox 1514 1048 1714 1125; x_wconf 87' lang='lat' dir='ltr'>insigni</span> <span class='ocrx_word' id='word_1_61' title='bbox 1759 1047 2071 1124; x_wconf 86' lang='lat' dir='ltr'>pavimento</span> 
     </span>
     <span class='ocr_line' id='line_1_10' title="bbox 362 1145 2070 1226; baseline -0.002 -22"><span class='ocrx_word' id='word_1_62' title='bbox 362 1145 654 1204; x_wconf 87' lang='lat' dir='ltr'>conclavia.</span> <span class='ocrx_word' id='word_1_63' title='bbox 704 1149 788 1208; x_wconf 84' lang='lat' dir='ltr'>Ac</span> <span class='ocrx_word' id='word_1_64' title='bbox 833 1169 930 1226; x_wconf 89' lang='lat' dir='ltr'>per</span> <span class='ocrx_word' id='word_1_65' title='bbox 975 1169 1148 1205; x_wconf 87' lang='lat' dir='ltr'>annos</span> <span class='ocrx_word' id='word_1_66' title='bbox 1194 1147 1427 1226; x_wconf 88' lang='lat' dir='ltr'>amplius</span> <span class='ocrx_word' id='word_1_67' title='bbox 1470 1147 1834 1225; x_wconf 88' lang='lat' dir='ltr'>quadraginta</span> <span class='ocrx_word' id='word_1_68' title='bbox 1878 1145 2070 1202; x_wconf 90' lang='lat' dir='ltr'>eodem</span> 
     </span>
     <span class='ocr_line' id='line_1_11' title="bbox 363 1245 2073 1325; baseline -0.002 -21"><span class='ocrx_word' id='word_1_69' title='bbox 363 1246 615 1304; x_wconf 91' lang='lat' dir='ltr'>cubiculo</span> <span class='ocrx_word' id='word_1_70' title='bbox 646 1247 825 1306; x_wconf 83' lang='lat' dir='ltr'>hieme</span> <span class='ocrx_word' id='word_1_71' title='bbox 858 1262 912 1306; x_wconf 92' lang='lat' dir='ltr'>et</span> <span class='ocrx_word' id='word_1_72' title='bbox 943 1261 1124 1306; x_wconf 88' lang='lat' dir='ltr'>aestate</span> <span class='ocrx_word' id='word_1_73' title='bbox 1159 1249 1387 1320; x_wconf 82' lang='lat' dir='ltr'>mansit3</span> <span class='ocrx_word' id='word_1_74' title='bbox 1420 1249 1667 1325; x_wconf 86' lang='lat' dir='ltr'>quamvis</span> <span class='ocrx_word' id='word_1_75' title='bbox 1700 1269 1896 1324; x_wconf 91' lang='lat' dir='ltr'>parum</span> <span class='ocrx_word' id='word_1_76' title='bbox 1931 1245 2073 1302; x_wconf 89' lang='lat' dir='ltr'>salu-</span> 
     </span>
     <span class='ocr_line' id='line_1_12' title="bbox 363 1346 2073 1424; baseline -0.002 -20"><span class='ocrx_word' id='word_1_77' title='bbox 363 1349 519 1406; x_wconf 87' lang='lat' dir='ltr'><strong>brem</strong></span> <span class='ocrx_word' id='word_1_78' title='bbox 541 1349 842 1406; x_wconf 83' lang='lat' dir='ltr'>valetudini</span> <span class='ocrx_word' id='word_1_79' title='bbox 871 1370 979 1406; x_wconf 86' lang='lat' dir='ltr'>suae</span> <span class='ocrx_word' id='word_1_80' title='bbox 1006 1349 1215 1405; x_wconf 86' lang='lat' dir='ltr'><strong>Urbem</strong></span> <span class='ocrx_word' id='word_1_81' title='bbox 1246 1349 1423 1404; x_wconf 93' lang='lat' dir='ltr'>hieme</span> <span class='ocrx_word' id='word_1_82' title='bbox 1450 1348 1811 1424; x_wconf 79' lang='lat' dir='ltr'>experiretur,</span> <span class='ocrx_word' id='word_1_83' title='bbox 1839 1346 2073 1402; x_wconf 89' lang='lat' dir='ltr'>assidue-</span> 
     </span>
     <span class='ocr_line' id='line_1_13' title="bbox 366 1446 2073 1526; baseline -0.004 -20"><span class='ocrx_word' id='word_1_84' title='bbox 366 1470 472 1526; x_wconf 90' lang='lat' dir='ltr'>que</span> <span class='ocrx_word' id='word_1_85' title='bbox 502 1450 555 1504; x_wconf 92' lang='lat' dir='ltr'>in</span> <span class='ocrx_word' id='word_1_86' title='bbox 586 1449 738 1506; x_wconf 86' lang='lat' dir='ltr'>Urbe</span> <span class='ocrx_word' id='word_1_87' title='bbox 765 1449 1044 1505; x_wconf 81' lang='lat' dir='ltr'>hiemaret.</span> <span class='ocrx_word' id='word_1_88' title='bbox 1077 1449 1133 1504; x_wconf 93' lang='lat' dir='ltr'>Si</span> <span class='ocrx_word' id='word_1_89' title='bbox 1161 1446 1382 1523; x_wconf 91' lang='lat' dir='ltr'>quando</span> <span class='ocrx_word' id='word_1_90' title='bbox 1411 1446 1545 1523; x_wconf 90' lang='lat' dir='ltr'>quid</span> <span class='ocrx_word' id='word_1_91' title='bbox 1576 1458 1806 1518; x_wconf 83' lang='lat' dir='ltr'>secretO,</span> <span class='ocrx_word' id='word_1_92' title='bbox 1837 1457 1931 1501; x_wconf 90' lang='lat' dir='ltr'>aut</span> <span class='ocrx_word' id='word_1_93' title='bbox 1960 1446 2073 1501; x_wconf 92' lang='lat' dir='ltr'>sine</span> 
     </span>
     <span class='ocr_line' id='line_1_14' title="bbox 366 1544 2073 1626; baseline -0.002 -24"><span class='ocrx_word' id='word_1_94' title='bbox 366 1547 800 1626; x_wconf 84' lang='lat' dir='ltr'>interpellatione</span> <span class='ocrx_word' id='word_1_95' title='bbox 826 1568 987 1625; x_wconf 87' lang='lat' dir='ltr'>agere</span> <span class='ocrx_word' id='word_1_96' title='bbox 1013 1547 1407 1625; x_wconf 87' lang='lat' dir='ltr'>proposuisset,</span> <span class='ocrx_word' id='word_1_97' title='bbox 1435 1557 1551 1601; x_wconf 89' lang='lat' dir='ltr'>erat</span> <span class='ocrx_word' id='word_1_98' title='bbox 1567 1544 1652 1600; x_wconf 69' lang='lat' dir='ltr'>‘illi</span> <span class='ocrx_word' id='word_1_99' title='bbox 1677 1544 1827 1601; x_wconf 89' lang='lat' dir='ltr'>locus</span> <span class='ocrx_word' id='word_1_100' title='bbox 1848 1546 1904 1600; x_wconf 94' lang='lat' dir='ltr'>in</span> <span class='ocrx_word' id='word_1_101' title='bbox 1928 1544 2073 1600; x_wconf 91' lang='lat' dir='ltr'>edito</span> 
     </span>
     <span class='ocr_line' id='line_1_15' title="bbox 367 1639 2075 1726; baseline -0.002 -22"><span class='ocrx_word' id='word_1_102' title='bbox 367 1647 680 1726; x_wconf 84' lang='lat' dir='ltr'>singulariS,</span> <span class='ocrx_word' id='word_1_103' title='bbox 719 1668 882 1725; x_wconf 92' lang='lat' dir='ltr'>quem</span> <span class='ocrx_word' id='word_1_104' title='bbox 917 1650 1227 1725; x_wconf 76' lang='lat' dir='ltr'>Syracusas</span> <span class='ocrx_word' id='word_1_105' title='bbox 1264 1658 1318 1702; x_wconf 91' lang='lat' dir='ltr'>et</span> <span class='ocrx_word' id='word_1_106' title='bbox 1353 1639 1622 1718; x_wconf 73' lang='grc' dir='ltr'><em>τεχνέφυον</em></span> <span class='ocrx_word' id='word_1_107' title='bbox 1653 1646 1929 1701; x_wconf 72' lang='lat' dir='ltr'>vocabat‘:</span> <span class='ocrx_word' id='word_1_108' title='bbox 1966 1646 2075 1701; x_wconf 92' lang='lat' dir='ltr'>huc</span> 
     </span>
     <span class='ocr_line' id='line_1_16' title="bbox 367 1744 2077 1822; baseline -0.001 -20"><span class='ocrx_word' id='word_1_109' title='bbox 367 1748 659 1818; x_wconf 88' lang='lat' dir='ltr'>transibat,</span> <span class='ocrx_word' id='word_1_110' title='bbox 687 1758 783 1802; x_wconf 88' lang='lat' dir='ltr'>aut</span> <span class='ocrx_word' id='word_1_111' title='bbox 808 1747 865 1801; x_wconf 89' lang='lat' dir='ltr'>in</span> <span class='ocrx_word' id='word_1_112' title='bbox 895 1745 1124 1822; x_wconf 87' lang='lat' dir='ltr'>alicujus</span> <span class='ocrx_word' id='word_1_113' title='bbox 1152 1744 1474 1802; x_wconf 89' lang='lat' dir='ltr'>libertorum</span> <span class='ocrx_word' id='word_1_114' title='bbox 1503 1744 1908 1815; x_wconf 84' lang='lat' dir='ltr'>suburbanum3</span> <span class='ocrx_word' id='word_1_115' title='bbox 1938 1764 2077 1820; x_wconf 85' lang='lat' dir='ltr'>aeger</span> 
     </span>
     <span class='ocr_line' id='line_1_17' title="bbox 368 1844 2079 1922; baseline -0.002 -19"><span class='ocrx_word' id='word_1_116' title='bbox 368 1859 549 1903; x_wconf 89' lang='lat' dir='ltr'>autem</span> <span class='ocrx_word' id='word_1_117' title='bbox 580 1848 637 1903; x_wconf 90' lang='lat' dir='ltr'>in</span> <span class='ocrx_word' id='word_1_118' title='bbox 668 1845 833 1902; x_wconf 91' lang='lat' dir='ltr'>domo</span> <span class='ocrx_word' id='word_1_119' title='bbox 866 1846 1176 1902; x_wconf 78' lang='lat' dir='ltr'>Maecenatis</span> <span class='ocrx_word' id='word_1_120' title='bbox 1212 1845 1463 1901; x_wconf 87' lang='lat' dir='ltr'>cubabat.</span> <span class='ocrx_word' id='word_1_121' title='bbox 1496 1848 1579 1907; x_wconf 86' lang='lat' dir='ltr'>Ex</span> <span class='ocrx_word' id='word_1_122' title='bbox 1615 1844 1909 1900; x_wconf 89' lang='lat' dir='ltr'>secessibus</span> <span class='ocrx_word' id='word_1_123' title='bbox 1943 1865 2079 1922; x_wconf 85' lang='lat' dir='ltr'>prae-</span> 
     </span>
     <span class='ocr_line' id='line_1_18' title="bbox 366 1943 2083 2023; baseline -0.002 -21"><span class='ocrx_word' id='word_1_124' title='bbox 366 1947 525 2023; x_wconf 87' lang='lat' dir='ltr'>cipue</span> <span class='ocrx_word' id='word_1_125' title='bbox 553 1945 920 2022; x_wconf 86' lang='lat' dir='ltr'>frequentavit</span> <span class='ocrx_word' id='word_1_126' title='bbox 943 1946 1244 2017; x_wconf 87' lang='lat' dir='ltr'>maritima,</span> <span class='ocrx_word' id='word_1_127' title='bbox 1274 1943 1587 2021; x_wconf 88' lang='lat' dir='ltr'>insulasque</span> <span class='ocrx_word' id='word_1_128' title='bbox 1615 1945 1957 2021; x_wconf 73' lang='lat' dir='ltr'>Campaniae,</span> <span class='ocrx_word' id='word_1_129' title='bbox 1986 1955 2083 1999; x_wconf 90' lang='lat' dir='ltr'>aut</span> 
     </span>
     <span class='ocr_line' id='line_1_19' title="bbox 366 2033 2082 2124; baseline -0.002 -22"><span class='ocrx_word' id='word_1_130' title='bbox 366 2047 614 2124; x_wconf 89' lang='lat' dir='ltr'>proxima</span> <span class='ocrx_word' id='word_1_131' title='bbox 635 2046 776 2102; x_wconf 88' lang='lat' dir='ltr'>Urbi</span> <span class='ocrx_word' id='word_1_132' title='bbox 801 2044 1030 2122; x_wconf 90' lang='lat' dir='ltr'>oppida,</span> <span class='ocrx_word' id='word_1_133' title='bbox 1059 2045 1396 2117; x_wconf 89' lang='lat' dir='ltr'>Lanuvium,</span> <span class='ocrx_word' id='word_1_134' title='bbox 1424 2046 1720 2113; x_wconf 90' lang='lat' dir='ltr'>Praeneste,</span> <span class='ocrx_word' id='word_1_135' title='bbox 1747 2033 1920 2099; x_wconf 90' lang='lat' dir='ltr'>Tibur</span> <span class='ocrx_word' id='word_1_136' title='bbox 1947 2063 1960 2098; x_wconf 76' lang='lat' dir='ltr'><em>z</em></span> <span class='ocrx_word' id='word_1_137' title='bbox 1987 2043 2082 2099; x_wconf 94' lang='lat' dir='ltr'>ubi</span> 
     </span>
     <span class='ocr_line' id='line_1_20' title="bbox 367 2143 2078 2223; baseline -0.001 -21"><span class='ocrx_word' id='word_1_138' title='bbox 367 2148 529 2203; x_wconf 88' lang='lat' dir='ltr'>etiam</span> <span class='ocrx_word' id='word_1_139' title='bbox 570 2148 627 2202; x_wconf 92' lang='lat' dir='ltr'>in</span> <span class='ocrx_word' id='word_1_140' title='bbox 668 2147 969 2223; x_wconf 89' lang='lat' dir='ltr'>porticibus</span> <span class='ocrx_word' id='word_1_141' title='bbox 1009 2143 1259 2201; x_wconf 92' lang='lat' dir='ltr'>Herculis</span> <span class='ocrx_word' id='word_1_142' title='bbox 1297 2144 1485 2222; x_wconf 88' lang='lat' dir='ltr'>templi</span> <span class='ocrx_word' id='word_1_143' title='bbox 1527 2164 1767 2222; x_wconf 84' lang='lat' dir='ltr'>persaepe</span> <span class='ocrx_word' id='word_1_144' title='bbox 1800 2145 1890 2220; x_wconf 88' lang='lat' dir='ltr'>jus</span> <span class='ocrx_word' id='word_1_145' title='bbox 1929 2143 2078 2200; x_wconf 87' lang='lat' dir='ltr'>dixit.</span> 
     </span>
     <span class='ocr_line' id='line_1_21' title="bbox 367 2244 2085 2324; baseline -0.002 -21"><span class='ocrx_word' id='word_1_146' title='bbox 367 2245 566 2324; x_wconf 89' lang='lat' dir='ltr'>Ampla</span> <span class='ocrx_word' id='word_1_147' title='bbox 602 2258 655 2302; x_wconf 91' lang='lat' dir='ltr'>et</span> <span class='ocrx_word' id='word_1_148' title='bbox 693 2266 923 2322; x_wconf 89' lang='lat' dir='ltr'>operosa</span> <span class='ocrx_word' id='word_1_149' title='bbox 958 2246 1214 2322; x_wconf 86' lang='lat' dir='ltr'>praetoria</span> <span class='ocrx_word' id='word_1_150' title='bbox 1254 2244 1599 2322; x_wconf 87' lang='lat' dir='ltr'>gravabatur.</span> <span class='ocrx_word' id='word_1_151' title='bbox 1639 2247 1712 2300; x_wconf 89' lang='lat' dir='ltr'>Et</span> <span class='ocrx_word' id='word_1_152' title='bbox 1747 2245 1926 2320; x_wconf 92' lang='lat' dir='ltr'>neptis</span> <span class='ocrx_word' id='word_1_153' title='bbox 1964 2245 2085 2320; x_wconf 91' lang='lat' dir='ltr'>qui-</span> 
     </span>
     <span class='ocr_line' id='line_1_22' title="bbox 368 2342 2084 2420; baseline -0.002 -19"><span class='ocrx_word' id='word_1_154' title='bbox 368 2344 491 2401; x_wconf 92' lang='lat' dir='ltr'>dem</span> <span class='ocrx_word' id='word_1_155' title='bbox 520 2365 628 2400; x_wconf 87' lang='lat' dir='ltr'>suae</span> <span class='ocrx_word' id='word_1_156' title='bbox 655 2343 835 2414; x_wconf 86' lang='lat' dir='ltr'>Juliae‚</span> <span class='ocrx_word' id='word_1_157' title='bbox 863 2343 1086 2420; x_wconf 88' lang='lat' dir='ltr'>profuse</span> <span class='ocrx_word' id='word_1_158' title='bbox 1116 2344 1183 2399; x_wconf 90' lang='lat' dir='ltr'>ab</span> <span class='ocrx_word' id='word_1_159' title='bbox 1212 2364 1276 2399; x_wconf 88' lang='lat' dir='ltr'>ea</span> <span class='ocrx_word' id='word_1_160' title='bbox 1298 2355 1601 2414; x_wconf 88' lang='lat' dir='ltr'>exstructa,</span> <span class='ocrx_word' id='word_1_161' title='bbox 1629 2344 1790 2398; x_wconf 89' lang='lat' dir='ltr'>etiam</span> <span class='ocrx_word' id='word_1_162' title='bbox 1819 2343 1990 2399; x_wconf 87' lang='lat' dir='ltr'>diruit</span> <span class='ocrx_word' id='word_1_163' title='bbox 2014 2342 2084 2398; x_wconf 88' lang='lat' dir='ltr'>ad</span> 
     </span>
     <span class='ocr_line' id='line_1_23' title="bbox 368 2439 2083 2519; baseline -0.002 -19"><span class='ocrx_word' id='word_1_164' title='bbox 368 2439 551 2501; x_wconf 75' lang='lat' dir='ltr'>solum&#39;</span> <span class='ocrx_word' id='word_1_165' title='bbox 573 2465 586 2499; x_wconf 73' lang='grc' dir='ltr'><strong><em>ε</em></strong></span> <span class='ocrx_word' id='word_1_166' title='bbox 620 2464 718 2500; x_wconf 90' lang='lat' dir='ltr'>sua</span> <span class='ocrx_word' id='word_1_167' title='bbox 748 2464 906 2515; x_wconf 88' lang='lat' dir='ltr'>ver0,</span> <span class='ocrx_word' id='word_1_168' title='bbox 940 2443 1185 2519; x_wconf 88' lang='lat' dir='ltr'>quamvis</span> <span class='ocrx_word' id='word_1_169' title='bbox 1218 2442 1457 2512; x_wconf 89' lang='lat' dir='ltr'>modica,</span> <span class='ocrx_word' id='word_1_170' title='bbox 1493 2463 1605 2497; x_wconf 90' lang='lat' dir='ltr'>non</span> <span class='ocrx_word' id='word_1_171' title='bbox 1638 2454 1749 2496; x_wconf 88' lang='lat' dir='ltr'>tam</span> <span class='ocrx_word' id='word_1_172' title='bbox 1781 2453 2083 2497; x_wconf 86' lang='lat' dir='ltr'>statuarum</span> 
     </span>
     <span class='ocr_line' id='line_1_24' title="bbox 367 2541 2086 2618; baseline -0.002 -19"><span class='ocrx_word' id='word_1_173' title='bbox 367 2542 789 2618; x_wconf 87' lang='lat' dir='ltr'>tabularumque</span> <span class='ocrx_word' id='word_1_174' title='bbox 819 2542 1091 2617; x_wconf 88' lang='lat' dir='ltr'>pictarum</span> <span class='ocrx_word' id='word_1_175' title='bbox 1121 2551 1346 2612; x_wconf 77' lang='lat' dir='ltr'>ornam,</span> <span class='ocrx_word' id='word_1_176' title='bbox 1375 2561 1540 2615; x_wconf 90' lang='lat' dir='ltr'>quam</span> <span class='ocrx_word' id='word_1_177' title='bbox 1569 2541 1736 2616; x_wconf 85' lang='lat' dir='ltr'>xystis</span> <span class='ocrx_word' id='word_1_178' title='bbox 1768 2552 1821 2596; x_wconf 91' lang='lat' dir='ltr'>et</span> <span class='ocrx_word' id='word_1_179' title='bbox 1851 2543 2086 2596; x_wconf 89' lang='lat' dir='ltr'>nemori-</span> 
     </span>
     <span class='ocr_line' id='line_1_25' title="bbox 367 2638 2081 2714; baseline -0.001 -18"><span class='ocrx_word' id='word_1_180' title='bbox 367 2642 471 2696; x_wconf 94' lang='lat' dir='ltr'>bus</span> <span class='ocrx_word' id='word_1_181' title='bbox 496 2639 759 2710; x_wconf 84' lang='lat' dir='ltr'>excoluit,</span> <span class='ocrx_word' id='word_1_182' title='bbox 786 2639 1059 2714; x_wconf 88' lang='lat' dir='ltr'>rebusque</span> <span class='ocrx_word' id='word_1_183' title='bbox 1084 2651 1352 2695; x_wconf 85' lang='lat' dir='ltr'>vetustate</span> <span class='ocrx_word' id='word_1_184' title='bbox 1379 2660 1441 2695; x_wconf 89' lang='lat' dir='ltr'>ac</span> <span class='ocrx_word' id='word_1_185' title='bbox 1463 2640 1687 2694; x_wconf 88' lang='lat' dir='ltr'>raritate</span> <span class='ocrx_word' id='word_1_186' title='bbox 1711 2638 2042 2697; x_wconf 88' lang='lat' dir='ltr'>notabilibus</span> <span class='ocrx_word' id='word_1_187' title='bbox 2069 2662 2081 2695; x_wconf 79' lang='lat' dir='ltr'>z</span> 
     </span>
     <span class='ocr_line' id='line_1_26' title="bbox 369 2738 2085 2816; baseline -0.001 -20"><span class='ocrx_word' id='word_1_188' title='bbox 369 2739 550 2816; x_wconf 85' lang='lat' dir='ltr'>qualia</span> <span class='ocrx_word' id='word_1_189' title='bbox 590 2752 719 2796; x_wconf 89' lang='lat' dir='ltr'>sunt</span> <span class='ocrx_word' id='word_1_190' title='bbox 761 2739 987 2816; x_wconf 89' lang='lat' dir='ltr'>Capreis</span> <span class='ocrx_word' id='word_1_191' title='bbox 1029 2739 1350 2793; x_wconf 89' lang='lat' dir='ltr'>immanium</span> <span class='ocrx_word' id='word_1_192' title='bbox 1390 2738 1698 2794; x_wconf 90' lang='lat' dir='ltr'>belluarum</span> <span class='ocrx_word' id='word_1_193' title='bbox 1737 2738 2085 2816; x_wconf 88' lang='lat' dir='ltr'>ferarumque</span> 
     </span>
     <span class='ocr_line' id='line_1_27' title="bbox 370 2836 2085 2916; baseline -0.001 -22"><span class='ocrx_word' id='word_1_194' title='bbox 370 2839 613 2895; x_wconf 89' lang='lat' dir='ltr'>membra</span> <span class='ocrx_word' id='word_1_195' title='bbox 651 2836 1018 2915; x_wconf 76' lang='lat' dir='ltr'>praegrandia,</span> <span class='ocrx_word' id='word_1_196' title='bbox 1052 2859 1173 2914; x_wconf 88' lang='lat' dir='ltr'>quae</span> <span class='ocrx_word' id='word_1_197' title='bbox 1211 2837 1472 2894; x_wconf 84' lang='lat' dir='ltr'>dicuntur</span> <span class='ocrx_word' id='word_1_198' title='bbox 1512 2840 1820 2916; x_wconf 80' lang='lat' dir='ltr'>Gigantum</span> <span class='ocrx_word' id='word_1_199' title='bbox 1861 2859 1992 2895; x_wconf 85' lang='lat' dir='ltr'>ossa</span> <span class='ocrx_word' id='word_1_200' title='bbox 2032 2850 2085 2894; x_wconf 92' lang='lat' dir='ltr'>et</span> 
     </span>
     <span class='ocr_line' id='line_1_28' title="bbox 372 2941 2014 2995; baseline -0.002 -1"><span class='ocrx_word' id='word_1_201' title='bbox 372 2958 531 2995; x_wconf 85' lang='lat' dir='ltr'>arma</span> <span class='ocrx_word' id='word_1_202' title='bbox 557 2941 820 2995; x_wconf 80' lang='lat' dir='ltr'>Heroum.</span> <span class='ocrx_word' id='word_1_203' title='bbox 2010 2943 2014 2948; x_wconf 81' lang='grc'><strong>’</strong></span> 
     </span>
    </p>

    <p class='ocr_par' dir='ltr' id='par_1_4' title="bbox 374 3036 2083 3312">
     <span class='ocr_line' id='line_1_29' title="bbox 452 3036 2083 3114; baseline -0.001 -21"><span class='ocrx_word' id='word_1_204' title='bbox 452 3039 706 3094; x_wconf 89' lang='lat' dir='ltr'>LXXIII.</span> <span class='ocrx_word' id='word_1_205' title='bbox 751 3038 1110 3093; x_wconf 87' lang='lat' dir='ltr'>Instrumenti</span> <span class='ocrx_word' id='word_1_206' title='bbox 1139 3039 1255 3114; x_wconf 89' lang='lat' dir='ltr'>ejus</span> <span class='ocrx_word' id='word_1_207' title='bbox 1285 3047 1340 3092; x_wconf 88' lang='lat' dir='ltr'>et</span> <span class='ocrx_word' id='word_1_208' title='bbox 1371 3036 1718 3114; x_wconf 90' lang='lat' dir='ltr'>supellectilis</span> <span class='ocrx_word' id='word_1_209' title='bbox 1749 3037 2083 3114; x_wconf 87' lang='lat' dir='ltr'>parcimonia</span> 
     </span>
     <span class='ocr_line' id='line_1_30' title="bbox 374 3134 2083 3214; baseline 0 -22"><span class='ocrx_word' id='word_1_210' title='bbox 374 3148 600 3214; x_wconf 85' lang='lat' dir='ltr'>apparet</span> <span class='ocrx_word' id='word_1_211' title='bbox 635 3137 797 3192; x_wconf 89' lang='lat' dir='ltr'>etiam</span> <span class='ocrx_word' id='word_1_212' title='bbox 831 3157 1009 3207; x_wconf 90' lang='lat' dir='ltr'>nunc,</span> <span class='ocrx_word' id='word_1_213' title='bbox 1038 3135 1266 3191; x_wconf 88' lang='lat' dir='ltr'>residuis</span> <span class='ocrx_word' id='word_1_214' title='bbox 1303 3134 1454 3191; x_wconf 89' lang='lat' dir='ltr'>lectis</span> <span class='ocrx_word' id='word_1_215' title='bbox 1491 3149 1654 3213; x_wconf 91' lang='lat' dir='ltr'>atque</span> <span class='ocrx_word' id='word_1_216' title='bbox 1686 3137 1913 3207; x_wconf 84' lang='lat' dir='ltr'>mensis,</span> <span class='ocrx_word' id='word_1_217' title='bbox 1945 3157 2083 3212; x_wconf 93' lang='lat' dir='ltr'>quo-</span> 
     </span>
     <span class='ocr_line' id='line_1_31' title="bbox 377 3233 2081 3312; baseline 0.001 -24"><span class='ocrx_word' id='word_1_218' title='bbox 377 3256 499 3290; x_wconf 90' lang='lat' dir='ltr'>rum</span> <span class='ocrx_word' id='word_1_219' title='bbox 533 3234 790 3312; x_wconf 89' lang='lat' dir='ltr'>pleraque</span> <span class='ocrx_word' id='word_1_220' title='bbox 827 3236 915 3289; x_wconf 87' lang='lat' dir='ltr'>vix</span> <span class='ocrx_word' id='word_1_221' title='bbox 951 3236 1176 3311; x_wconf 87' lang='lat' dir='ltr'>privatae</span> <span class='ocrx_word' id='word_1_222' title='bbox 1204 3233 1483 3310; x_wconf 80' lang='lat' dir='ltr'>elegantiae</span> <span class='ocrx_word' id='word_1_223' title='bbox 1522 3237 1646 3291; x_wconf 90' lang='lat' dir='ltr'>sint.</span> <span class='ocrx_word' id='word_1_224' title='bbox 1686 3238 1772 3292; x_wconf 87' lang='lat' dir='ltr'>Ne</span> <span class='ocrx_word' id='word_1_225' title='bbox 1807 3247 1929 3289; x_wconf 85' lang='lat' dir='ltr'>toro</span> <span class='ocrx_word' id='word_1_226' title='bbox 1963 3237 2081 3311; x_wconf 87' lang='lat' dir='ltr'>qui-</span> 
     </span>
    </p>
   </div>
   <div class='ocr_carea' id='block_1_3' title="bbox 2333 0 2372 2898">
    <p class='ocr_par' dir='ltr' id='par_1_5' title="bbox 2333 0 2372 2898">
     <span class='ocr_line' id='line_1_32' title="bbox 2333 0 2372 2898; baseline 0 0"><span class='ocrx_word' id='word_1_227' title='bbox 2333 0 2372 2898; x_wconf 95' lang='lat' dir='ltr'> </span> 
     </span>
    </p>
   </div>
   <div class='ocr_carea' id='block_1_4' title="bbox 2355 3187 2372 3918">
    <p class='ocr_par' dir='ltr' id='par_1_6' title="bbox 2355 3187 2372 3918">
     <span class='ocr_line' id='line_1_33' title="bbox 2355 3187 2372 3918; baseline 0 0"><span class='ocrx_word' id='word_1_228' title='bbox 2355 3187 2372 3918; x_wconf 95' lang='lat' dir='ltr'> </span> 
     </span>
    </p>
   </div>
  </div>
 </body>
</html>
