2372 3918
906 302 1130 349 CALIGU
1137 302 1229 347 LA.
1833 322 1850 350 ι
1860 304 1922 367 89

219 433 346 468 curn
378 411 495 468 fora
528 423 583 467 et
623 407 868 468 basilicas
902 403 1372 463 nomenculatores
1405 405 1475 461 ad
1516 407 1827 466 invitandos
1867 412 1921 466 in

220 512 500 570 libidinem
523 512 752 590 juvenes
782 519 1045 584 senesque
1064 550 1080 576 ,
1111 507 1338 586 praebita
1373 504 1790 565 advenientibus
1827 532 1922 587 pe·

219 615 380 670 cunia
413 612 648 681 fenebri,
681 607 1079 687 appositisque,
1111 607 1207 684 qui
1243 604 1467 662 nomina
1501 604 1682 683 palam
1715 610 1919 665 subno-

221 725 432 784 tarent,
469 711 624 789 quasi
656 700 1048 786 'adjuvantium
1087 707 1315 764 Caesaris
1354 705 1579 762 reditus,
1618 709 1700 763 Ac
1741 729 1809 764 ne
1858 731 1923 765 ex

221 812 342 870 lusu
366 811 584 888 quidem
619 808 747 866 aleae
774 806 1159 884 compendium
1184 826 1471 884 spernenS,
1497 804 1619 883 plus
1639 807 1925 864 mendacio

218 924 382 989 atque
411 912 574 968 etiam
605 909 848 987 perjurio
879 906 1216 964 lucrabatur.
1251 910 1324 963 Et
1360 906 1638 983 quondam
1671 908 1923 984 proximo

219 1011 473 1068 collusori
522 1007 851 1065 demandata
894 1007 1012 1062 vice
1060 1026 1158 1062 sua
1183 1050 1198 1076 ,
1249 1026 1570 1084 progressus
1618 1008 1675 1062 in
1722 1009 1923 1064 atrium

218 1110 448 1181 domus,
482 1130 654 1186 quum
685 1118 1077 1186 praetereuntes
1114 1105 1251 1162 duos
1297 1099 1505 1183 equites
1548 1127 1806 1164 romanos
1847 1107 1927 1164 lo-

218 1209 459 1288 cupletes
499 1210 615 1265 sine
654 1197 809 1264 mora
845 1207 1050 1283 corripi
1086 1205 1480 1282 confiscarique
1507 1206 1790 1283 jussisset3
1829 1229 1924 1264 ex-

220 1309 426 1367 sultans
471 1309 669 1381 rediit,
712 1306 1092 1385 gloriansque,
1142 1326 1427 1383 nunquam
1473 1327 1531 1362 se
1576 1293 1924 1385 prosperiore

218 1407 336 1466 alea
372 1430 547 1466 usum.

298 1512 477 1566 XLII.
513 1507 649 1565 Filia
684 1528 815 1564 vero
846 1519 974 1564 nata
993 1550 1008 1580 ‚
1042 1518 1451 1585 paupertatem,
1487 1528 1587 1564 nec
1610 1508 1725 1585 jam
1755 1510 1928 1587 impe·

220 1610 422 1666 ratoria
459 1608 657 1678 modo,
698 1607 790 1664 sed
835 1620 890 1663 et
931 1609 1107 1686 patria
1149 1628 1485 1684 conquerens
1522 1629 1720 1680 onera,
1759 1609 1932 1667 colla-

221 1709 397 1766 tiones
428 1709 486 1764 in
519 1707 833 1764 alimoniam
862 1720 1026 1783 atque
1059 1706 1242 1763 dotem
1272 1706 1465 1783 puellae
1490 1709 1711 1786 recepit.
1739 1709 1928 1765 Edixit

221 1820 276 1866 et
318 1820 529 1879 strenas
572 1808 796 1862 ineunte
839 1827 985 1862 anno
1029 1827 1085 1863 se
1127 1818 1474 1883 recepturum
1512 1829 1525 1862 ε
1567 1810 1825 1884 stetitque
1869 1811 1925 1864 in

220 1906 489 1965 vestibulo
511 1906 708 1963 aedium
732 1904 978 1963 kalendis
1004 1906 1271 1982 januariis
1305 1906 1374 1962 ad
1400 1906 1696 1983 captandas
1724 1908 1890 1985 stipes
1911 1951 1927 1979 ,

218 2027 352 2084 quas
388 2004 563 2084 plenis
603 2019 731 2063 ante
772 2027 899 2062 eum
936 2006 1190 2062 manibus
1235 2027 1298 2062 ac
1331 2007 1455 2062 sinu
1494 2008 1672 2063 omnis
1711 2010 1928 2086 generis

221 2108 387 2164 turba
420 2107 698 2164 fundebat.
730 2105 1039 2164 Novissime
1072 2105 1473 2163 contrectandae
1504 2109 1750 2184 pecuniae
1776 2110 1931 2186 cupi-

219 2206 346 2263 dine
373 2208 650 2279 incensus,
675 2226 815 2285 saepe
844 2227 1011 2283 super
1032 2207 1326 2263 immensos
1355 2228 1649 2264 aureorum
1677 2230 1929 2282 acerVOS,

220 2308 599 2383 patentissimo
634 2306 861 2363 diffusos
894 2306 1015 2362 loco
1035 2349 1050 2378 ,
1085 2319 1139 2362 et
1170 2306 1331 2363 nudis
1367 2306 1596 2384 pedibus
1630 2310 1931 2387 spatiatuS,

219 2418 275 2462 et
303 2419 421 2463 toto
447 2427 677 2484 corpore
708 2405 1046 2483 aliquamdiu
1075 2405 1352 2463 volutatus
1381 2419 1478 2463 est.

297 2509 498 2564 XLIII.
531 2505 789 2564 Militiam
826 2528 1019 2584 resque
1054 2506 1271 2564 bellicas
1302 2506 1468 2563 semel
1500 2509 1718 2587 attigit,
1751 2530 1932 2586 neque

222 2605 585 2665 exdestinato
603 2649 618 2678 ,
648 2607 741 2663 sed
772 2628 943 2684 quum
967 2606 1051 2669 ad
1077 2605 1362 2662 visendum
1396 2628 1587 2664 nemus
1621 2607 1933 2686 flumenque

224 2704 492 2763 Clitumni
536 2706 850 2763 Mevaniam
894 2707 1281 2783 processisset,
1327 2705 1641 2763 admonitus
1689 2707 1757 2764 de
1800 2709 1934 2786 sup·-⁴

221 2805 432 2883 plendo.
473 2825 704 2862 numero
751 2808 1114 2877 Batavorum,
1164 2826 1302 2883 quos
1353 2807 1498 2863 circa
1545 2827 1601 2863 se
1653 2808 1891 2865 habebat
1917 2852 1933 2881 ,

222 2904 583 2982 expeditionis
613 2904 935 2981 germanicae
968 2904 1235 2980 impetum
1263 2905 1405 2981 cepit
1435 2926 1448 2961 :
1482 2926 1660 2982 neque
1689 2907 1933 2979 distulit,

223 3003 318 3060 sed
362 3002 666 3081 legionibus
712 3015 766 3059 et
814 3002 1028 3059 auxiliis
1074 3002 1319 3080 undique
1363 3005 1587 3082 excitiS,
1631 3005 1933 3074 delectibus

224 3103 429 3179 ubique
473 3102 816 3160 acerbissime
857 3104 1025 3175 actiS,
1069 3115 1351 3160 contracto
1390 3115 1446 3160 et
1487 3106 1665 3160 omnis
1712 3107 1931 3183 generis

225 3214 565 3274 commeatu,
595 3214 802 3278 quanto
835 3223 1117 3279 nunquam
1148 3216 1337 3274 antea,
1367 3205 1469 3259 iter
1503 3203 1775 3281 ingressus
1808 3218 1891 3261 est
1918 3226 1931 3261 ε

227 3302 565 3378 confecitque
596 3301 760 3357 modo
795 3316 904 3359 tam
944 3302 1262 3359 festinanter
1301 3316 1353 3359 et
1386 3303 1610 3380 rapide,
1645 3316 1703 3360 ut
1736 3317 1933 3381 praeto-
