2372 3918
520 470 855 544 PUBLII
911 465 1391 540 TERENTII
1438 467 1703 540 VITA.

987 678 1206 692 ----—

247 854 291 909 1.
323 802 407 910 P
391 867 595 910 miuus
615 851 947 906 Timeamus
974 846 1134 920 Afer,
1163 847 1501 925 Carthagine
1533 858 1727 919 natus,
1752 848 1979 903 servivit

254 954 448 1010 Romae
468 949 729 1008 Terentio
755 950 983 1005 Lucano
1013 948 1253 1004 senatori
1279 968 1292 1003 ε
1318 968 1352 1004 a
1376 967 1488 1024 quo
1515 946 1587 1003 ob
1620 947 1905 1026 ingenium
1925 959 1982 1004 et

247 1050 481 1109 sormam
518 1070 632 1107 non
662 1049 948 1112 institutus
986 1047 1154 1104 modo
1189 1045 1518 1119 liberaliter,
1550 1046 1646 1104 sed
1677 1058 1733 1104 et
1765 1059 1981 1105 mature

246 1150 617 1208 manumissus
644 1161 743 1206 est.
769 1148 1015 1223 Quidam
1045 1160 1271 1228 captum
1298 1169 1413 1205 esse
1440 1149 1757 1205 existimant
1788 1170 1802 1205 z
1830 1147 1980 1227 quod

245 1250 364 1308 fleri
395 1248 552 1307 nullo
577 1248 745 1307 modo
773 1250 1048 1328 potuisse,
1072 1246 1377 1306 Fenestella
1406 1248 1598 1322 docet;
1627 1270 1803 1327 quum
1834 1250 1981 1305 inter

245 1349 415 1408 finem
445 1349 673 1407 secundi
700 1347 832 1407 belli
865 1350 1082 1428 punici,
1109 1362 1164 1407 et
1192 1350 1413 1406 initium
1443 1349 1593 1406 tertii
1627 1360 1790 1406 natus
1822 1350 1894 1406 sit
1927 1362 1982 1407 et

249 1463 534 1525 mortuuS,
567 1472 698 1525 nec,
729 1452 774 1508 si
814 1472 847 1509 a
879 1436 1139 1510 Numidis
1176 1463 1273 1507 aut
1299 1449 1521 1508 Getulis
1547 1463 1744 1529 captus
1777 1451 1879 1524 sit,
1910 1451 1981 1508 ad

247 1551 445 1610 ducem
478 1572 773 1610 romanum
800 1552 1090 1630 pervenire
1122 1553 1424 1630 potuisset,
1458 1550 1614 1609 nullo
1647 1554 1980 1610 commercio

250 1654 397 1710 inter
422 1650 645 1722 Italicos
672 1664 727 1709 et
760 1652 956 1724 AfroS,
993 1652 1099 1708 nisi
1131 1663 1255 1730 post
1282 1650 1519 1709 deletam
1550 1653 1945 1731 Carthaginem
1964 1697 1981 1727 ‚

244 1764 442 1831 coepto.
481 1753 587 1810 Hic
615 1773 744 1810 cum
771 1751 960 1809 multis
992 1750 1271 1809 nobilibus
1310 1750 1659 1810 familiariter
1686 1753 1852 1826 vixit,
1887 1752 1982 1810 sed

246 1853 484 1911 maxime
535 1873 665 1910 cum
711 1852 969 1931 Scipione
1012 1852 1276 1911 Africano
1305 1835 1381 1910 vet
1429 1855 1493 1911 C.
1529 1851 1734 1927 Laelio,
1779 1854 1982 1931 quibus

246 1954 411 2011 etiam
449 1954 700 2032 corporis
744 1954 922 2032 gratia
965 1952 1291 2011 conciliatus
1326 1954 1701 2028 existimatur,
1732 1953 1886 2032 quod
1928 1966 1983 2012 et

243 2054 425 2132 ipsum
451 2052 759 2111 Fenestella
786 2053 1003 2133 arguit,
1033 2053 1399 2126 contendenS,
1433 2066 1675 2131 utroque
1707 2055 1978 2133 majorem

243 2166 378 2210 natu
411 2153 609 2228 fuisse3
640 2155 891 2231 quamvis
915 2166 970 2211 et
989 2153 1280 2218 Cornelius
1309 2157 1497 2234 Nepos
1519 2154 1757 2233 aequales
1786 2175 1981 2215 omnes

242 2254 412 2311 fuisse
451 2253 634 2311 tradat
651 2297 667 2327 ‚
701 2266 756 2311 et
791 2256 1019 2312 Porcius
1052 2255 1422 2333 suspicionem
1466 2255 1536 2313 de
1579 2257 1983 2315 consuetudine

244 2375 344 2431 per
371 2355 489 2413 haec
518 2355 682 2413 faciat
713 2377 726 2411 ε

345 2479 474 2523 Dum
502 2475 742 2523 lasciviam
773 2478 1007 2524 nobilium
1023 2512 1038 2536 ,
1071 2487 1118 2524 et
1143 2478 1327 2526 fucosas
1356 2479 1519 2526 laudes
1547 2480 1692 2541 petit:

344 2549 470 2600 Dum
491 2553 709 2600 Africani
734 2571 902 2602 vocem
929 2554 1145 2601 divinam
1169 2556 1323 2603 inhiat
1352 2556 1506 2603 avidis
1543 2556 1767 2607 auribus:

342 2634 470 2679 Dum
491 2632 555 2679 ad
574 2633 770 2680 Furium
796 2649 846 2679 se
876 2634 1101 2680 coenitare
1125 2643 1172 2681 et
1193 2635 1389 2681 Laelium
1403 2669 1417 2693 ‚
1446 2636 1697 2696 pulchrum
1723 2645 1883 2698 putat:

344 2712 468 2755 Dum
489 2725 539 2756 se
559 2710 707 2757 amari
730 2710 792 2756 ab
813 2710 942 2758 hisce
965 2710 1141 2770 credit,
1173 2713 1345 2758 crebro
1380 2712 1433 2758 in
1457 2713 1696 2759 Albanum
1718 2714 1824 2775 rapi

347 2787 426 2834 Ob
453 2785 621 2835 florem
655 2788 801 2836 aetatis
832 2805 923 2836 suae
953 2806 964 2835 :
993 2788 1143 2852 ipsus,
1165 2790 1361 2837 sublatis
1388 2791 1556 2849 rebus,
1579 2792 1641 2838 ad
1662 2808 1891 2838 summam

344 2865 563 2926 Inopiam
582 2866 800 2913 redactus
823 2875 907 2913 est.

348 2944 514 3004 Itaque
528 2959 555 2990 e
577 2953 832 3005 conspectu
855 2945 1067 2991 omnium
1092 2945 1211 2992 abiit
1234 2945 1461 2992 Graeciam
1485 2947 1536 2992 in
1557 2956 1733 2994 terram
1755 2948 1984 2996 ultimam.

346 3022 568 3067 Mortuus
595 3030 664 3067 est
688 3027 740 3067 in
766 3022 1069 3084 Stymphalo‚
1094 3022 1310 3068 Arcadiae
1344 3023 1527 3085 oppido
1553 3041 1564 3069 :
1589 3025 1709 3070 nihil
1739 3025 1933 3071 Publius

345 3097 508 3159 Scipio
539 3098 744 3160 profuit,
775 3098 896 3145 nihil
926 3099 971 3146 ei
995 3099 1186 3159 Laelius,
1216 3099 1334 3146 nihil
1365 3101 1556 3147 Furius:

345 3177 460 3221 Tres
493 3191 581 3237 per
613 3175 742 3223 idem
776 3184 961 3239 tempus
992 3177 1075 3239 qui
1100 3178 1344 3240 agitabant
1373 3179 1561 3225 nobiles
1588 3180 1853 3241 facillume,

344 3256 521 3299 Eorum
544 3253 624 3300 ille
648 3270 792 3316 opera
815 3271 876 3301 ne
903 3256 1098 3302 domum
1122 3256 1312 3318 quidem
1336 3257 1503 3303 habuit
1531 3258 1901 3317 conducticiam,

347 3332 522 3378 Saltem
555 3340 605 3378 ut
636 3341 779 3391 esset,
814 3349 908 3394 quo
935 3333 1132 3380 referret
1163 3334 1349 3381 obitum
1378 3335 1561 3381 domini
1587 3338 1813 3383 servulus.
