2372 3918
382 237 441 282 80
1030 238 1078 284 C.
1112 238 1397 284 SUETONII

383 361 488 416 que
518 340 805 400 coenaculis
849 343 1148 420 spectabat,
1182 342 1456 398 interdum
1486 361 1515 396 e
1549 338 1842 417 pulvinari,
1871 350 1924 393 et
1953 339 2070 413 qui*

384 439 505 495 dem
535 461 658 496 cum
688 442 920 519 conjuge
953 461 1016 497 ac
1054 440 1261 512 liberis,
1301 440 1505 497 sedenS.
1551 436 1871 516 Spectaculo
1908 436 2073 512 pluri-

383 558 499 594 mas
544 539 730 612 horas,
760 539 1053 616 aliquando
1095 552 1238 596 totos
1273 540 1385 596 dies
1431 540 1640 610 aberat,
1687 538 1858 615 petita
1897 538 2074 607 venia,

383 638 903 714 commendatisque,
927 639 1022 714 qui
1051 658 1203 694 suam
1231 639 1402 694 vicem
1434 636 1770 715 praesidendo
1796 635 2081 711 fungeren-

382 748 489 791 tur.
523 738 731 792 Verum
762 737 973 812 quoties
1000 735 1239 805 adesset,
1273 735 1407 791 nihil
1439 748 1694 813 praeterea
1719 736 1913 812 agebat
1938 754 1950 787 ε
1980 752 2070 787 sen

383 834 588 888 vitandi
617 835 850 890 rumoris
892 854 1052 890 causa
1070 878 1093 912 ,a
1120 856 1230 911 quo
1261 847 1469 911 patrem
1498 839 1762 893 Caesarem
1804 833 1969 910 vulgo
1999 852 2083 886 re-

383 934 709 1009 prehensum
727 932 1209 1008 commemorabat,
1227 935 1375 1013 quod
1399 934 1539 991 inter
1564 934 1916 1012 spectandum
1941 934 2083 1009 epis-

383 1031 506 1088 tolis
551 1032 851 1109 libellisque
903 1033 1142 1112 legendis
1188 1055 1251 1091 ac
1300 1034 1654 1091 rescribendis
1692 1045 1958 1102 vacaret,
1987 1052 2077 1086 seu

383 1132 563 1188 studio
589 1122 865 1209 spectandi
892 1155 955 1190 ac
983 1133 1287 1210 voluptate,
1315 1155 1422 1211 qua
1447 1134 1619 1190 teneri
1646 1154 1700 1189 se
1728 1125 1905 1208 neque
1931 1130 2084 1186 dissi-

383 1230 610 1286 mulavit
642 1252 914 1308 unquam,
948 1246 1001 1289 et
1030 1254 1168 1310 saepe
1199 1234 1432 1311 ingenue
1460 1233 1730 1309 professus
1759 1243 1854 1287 est.
1889 1234 2081 1305 Itaque

384 1330 668 1387 corollaria
698 1345 750 1387 et
776 1334 998 1409 praemia
1031 1332 1219 1388 alienis
1245 1353 1462 1409 quoque
1493 1332 1813 1387 muneribus
1845 1351 1908 1386 ac
1940 1329 2079 1385 ludis

383 1443 437 1486 et
468 1431 659 1486 crebra
692 1443 748 1486 et
781 1432 1008 1508 grandia
1029 1431 1106 1487 *de
1138 1453 1237 1487 suo
1267 1431 1529 1487 offerebat
1562 1452 1575 1486 z
1610 1428 1858 1506 nullique
1889 1432 2082 1486 Graeco

383 1531 664 1587 certamini
715 1531 994 1604 interfuit,
1046 1553 1157 1608 quo
1203 1553 1314 1587 non
1365 1553 1466 1608 pro
1516 1531 1710 1586 merito
1758 1528 2080 1585 certanti-um

382 1651 651 1706 quemque
680 1631 984 1686 honorarit.
1027 1632 1304 1708 Spectavit
1339 1643 1524 1686 autem
1564 1629 1951 1685 studiosissime
1984 1648 2082 1704 pu-

384 1727 539 1805 gileS,
573 1741 628 1784 et
656 1730 889 1784 maxime
918 1730 1145 1784 Latinos
1179 1751 1192 1784 t
1229 1750 1340 1785 non
1371 1728 1643 1807 legitimos
1670 1740 1835 1805 atque
1868 1727 2087 1788 ordina-

381 1827 489 1881 rios
517 1827 706 1898 mod0,
739 1849 878 1904 quos
910 1830 1075 1884 etiam
1101 1831 1441 1886 committere
1468 1850 1594 1885 cum
1619 1830 1824 1886 Graecis
1851 1826 2086 1898 solebat;

383 1925 477 1980 sed
516 1938 571 1981 et
610 1931 933 1982 catervarios
972 1928 1307 2004 oppidanos,
1343 1929 1487 1984 inter
1527 1913 1804 2006 angustias
1842 1930 2083 1983 vicorum

382 2037 687 2100 pugnantes
720 2038 922 2082 temere
949 2047 1012 2082 ac
1048 2029 1164 2083 sine
1198 2040 1330 2083 arte.
1365 2029 1699 2084 Universum
1729 2028 1962 2104 denique
1996 2048 2088 2104 ge·-

381 2145 484 2180 nus
510 2136 700 2201 operas
726 2125 931 2202 aliquas
959 2125 1181 2203 publico
1207 2126 1516 2205 spectaculo
1541 2128 1899 2203 praebentium
1924 2117 2087 2182 etiam

381 2245 512 2280 cura
537 2246 635 2280 sua
662 2226 916 2303 dignatus
941 2239 1037 2283 est.
1056 2227 1301 2291 ‚Athletis
1329 2239 1382 2284 et
1408 2229 1749 2284 conservavit
1774 2227 2085 2304 privilegia,

381 2335 434 2379 et
476 2324 769 2410 ampliavit.
816 2325 1159 2384 Gladiatores
1203 2329 1319 2384 sine
1359 2329 1614 2384 missione
1654 2327 1740 2382 edi
1784 2327 2085 2403 prohibuit.

381 2426 782 2480 Coercitionem
813 2426 871 2481 in
903 2426 1223 2499 histrioneS,
1258 2428 1662 2504 magistratibus
1689 2427 1746 2480 in
1775 2427 1925 2481 omni
1951 2437 2088 2480 tem·

380 2544 513 2598 pore
537 2536 593 2580 et
620 2524 739 2580 loco
762 2523 879 2601 lege
905 2538 1083 2580 vetere
1105 2527 1445 2602 permissam,
1472 2525 1698 2596 ademit,
1726 2525 2087 2602 praeterquam

380 2621 522 2679 ludis
551 2635 605 2678 et
634 2643 809 2678 scena.
838 2624 954 2679 Nec
982 2636 1164 2680 tamen
1195 2646 1260 2680 eo
1287 2626 1465 2681 minus
1493 2637 1587 2681 aut
1611 2626 1944 2702 xysticorum
1972 2646 2088 2680 cer-

379 2723 640 2793 tationeS,
682 2734 778 2778 aut
819 2721 1185 2800 gladiatorum
1223 2746 1465 2802 pugnas,
1504 2727 1837 2782 severissime
1877 2746 2088 2801 semper

380 2821 574 2898 exegit.
612 2824 759 2879 Nam
793 2823 1120 2893 histrionum
1156 2823 1432 2892 licentiam
1467 2825 1600 2881 adeo
1635 2827 1994 2902 compescuit,
2027 2835 2087 2879 ut

379 2921 805 2997 Stephanionem
835 2925 1188 3000 togatarium,
1216 2924 1304 2981 cui
1334 2925 1390 2979 in
1416 2924 1681 3001 puerilem
1705 2925 1954 2981 habitum
1981 2925 2085 2978 cir-

381 3033 722 3076 cumtonsam
743 3034 1050 3078 matronam
1074 3023 1408 3078 ministrasse
1431 3037 1796 3100 compererat,
1822 3044 1921 3099 per
1944 3023 2085 3077 trina

379 3119 590 3175 theatra
624 3121 794 3199 virgis
828 3142 1024 3179 caesum
1058 3122 1409 3199 relegaverit,
1443 3123 1620 3200 Hylan
1653 3124 2083 3200 pantomimum,

380 3233 652 3294 quaerente
676 3235 930 3298 praetore,
959 3224 1015 3277 in
1049 3224 1188 3278 atrio
1217 3223 1410 3279 domus
1435 3245 1568 3295 suae,
1595 3226 1811 3282 nemine
1838 3222 2082 3294 excluse,
