<?xml version="1.0" encoding="UTF-8"?>
<!DOCTYPE html PUBLIC "-//W3C//DTD XHTML 1.0 Transitional//EN"
    "http://www.w3.org/TR/xhtml1/DTD/xhtml1-transitional.dtd">
<html xmlns="http://www.w3.org/1999/xhtml" xml:lang="en" lang="en">
 <head>
  <title>
</title>
<meta http-equiv="Content-Type" content="text/html;charset=utf-8" />
  <meta name='ocr-system' content='tesseract 3.04.00' />
  <meta name='ocr-capabilities' content='ocr_page ocr_carea ocr_par ocr_line ocrx_word'/>
</head>
<body>
  <div class='ocr_page' id='page_1' title='image "./operasuet00suetuoft_0159.png"; bbox 0 0 2372 3918; ppageno 0'>
   <div class='ocr_carea' id='block_1_1' title="bbox 979 258 1994 309">
    <p class='ocr_par' dir='ltr' id='par_1_1' title="bbox 979 258 1994 309">
     <span class='ocr_line' id='line_1_1' title="bbox 979 258 1994 309; baseline 0.001 -2"><span class='ocrx_word' id='word_1_1' title='bbox 979 260 1285 307; x_wconf 83' lang='lat' dir='ltr'><strong>TIBERIUS.</strong></span> <span class='ocrx_word' id='word_1_2' title='bbox 1908 258 1994 309; x_wconf 75' lang='lat'><strong>131</strong></span> 
     </span>
    </p>
   </div>
   <div class='ocr_carea' id='block_1_2' title="bbox 250 363 2011 1555">
    <p class='ocr_par' dir='ltr' id='par_1_2' title="bbox 250 363 2011 1555">
     <span class='ocr_line' id='line_1_2' title="bbox 276 363 2002 443; baseline 0 -18"><span class='ocrx_word' id='word_1_3' title='bbox 276 366 372 425; x_wconf 88' lang='lat' dir='ltr'><strong>sed</strong></span> <span class='ocrx_word' id='word_1_4' title='bbox 392 367 537 424; x_wconf 82' lang='lat' dir='ltr'><strong>vitiis</strong></span> <span class='ocrx_word' id='word_1_5' title='bbox 550 366 956 443; x_wconf 78' lang='lat' dir='ltr'><strong>virtutibusque</strong></span> <span class='ocrx_word' id='word_1_6' title='bbox 969 363 1175 422; x_wconf 88' lang='lat' dir='ltr'><strong>Tiberii</strong></span> <span class='ocrx_word' id='word_1_7' title='bbox 1195 365 1503 443; x_wconf 85' lang='lat' dir='ltr'><strong>perpensis,</strong></span> <span class='ocrx_word' id='word_1_8' title='bbox 1521 365 1762 442; x_wconf 86' lang='lat' dir='ltr'><strong>potiores</strong></span> <span class='ocrx_word' id='word_1_9' title='bbox 1782 365 2002 425; x_wconf 83' lang='lat' dir='ltr'><strong>duxisse</strong></span> 
     </span>
     <span class='ocr_line' id='line_1_3' title="bbox 275 463 2002 547; baseline 0 -22"><span class='ocrx_word' id='word_1_10' title='bbox 275 470 508 526; x_wconf 82' lang='lat' dir='ltr'><strong>virtutes</strong></span> <span class='ocrx_word' id='word_1_11' title='bbox 543 489 557 524; x_wconf 74' lang='grc' dir='ltr'><strong>ε</strong></span> <span class='ocrx_word' id='word_1_12' title='bbox 591 466 895 547; x_wconf 82' lang='lat' dir='ltr'><strong>praesertim</strong></span> <span class='ocrx_word' id='word_1_13' title='bbox 929 485 1103 543; x_wconf 91' lang='lat' dir='ltr'><strong>quum</strong></span> <span class='ocrx_word' id='word_1_14' title='bbox 1139 477 1195 522; x_wconf 92' lang='lat' dir='ltr'><strong>et</strong></span> <span class='ocrx_word' id='word_1_15' title='bbox 1229 490 1258 520; x_wconf 80' lang='grc' dir='ltr'><strong>α</strong></span> <span class='ocrx_word' id='word_1_16' title='bbox 1280 463 1597 544; x_wconf 68' lang='lat' dir='ltr'><strong>reipublicae</strong></span> <span class='ocrx_word' id='word_1_17' title='bbox 1633 486 1795 524; x_wconf 86' lang='lat' dir='ltr'><strong>causa</strong></span> <span class='ocrx_word' id='word_1_18' title='bbox 1829 467 2002 546; x_wconf 85' lang='lat' dir='ltr'><strong>adop-</strong></span> 
     </span>
     <span class='ocr_line' id='line_1_4' title="bbox 278 565 2004 643; baseline -0.001 -18"><span class='ocrx_word' id='word_1_19' title='bbox 278 580 395 626; x_wconf 91' lang='lat' dir='ltr'><strong>tare</strong></span> <span class='ocrx_word' id='word_1_20' title='bbox 435 589 492 625; x_wconf 88' lang='lat' dir='ltr'><strong>se</strong></span> <span class='ocrx_word' id='word_1_21' title='bbox 534 587 684 638; x_wconf 92' lang='lat' dir='ltr'><strong>eum,</strong></span> <span class='ocrx_word' id='word_1_22' title='bbox 705 589 734 619; x_wconf 73' lang='lat' dir='ltr'><strong>n</strong></span> <span class='ocrx_word' id='word_1_23' title='bbox 768 584 872 643; x_wconf 92' lang='lat' dir='ltr'><strong>pro</strong></span> <span class='ocrx_word' id='word_1_24' title='bbox 916 566 1180 621; x_wconf 78' lang='lat' dir='ltr'>concione</span> <span class='ocrx_word' id='word_1_25' title='bbox 1214 565 1511 643; x_wconf 79' lang='lat' dir='ltr'><strong>juraverit,</strong></span> <span class='ocrx_word' id='word_1_26' title='bbox 1543 576 1599 622; x_wconf 89' lang='lat' dir='ltr'><strong>et</strong></span> <span class='ocrx_word' id='word_1_27' title='bbox 1630 566 1873 643; x_wconf 87' lang='lat' dir='ltr'><strong>epistolis</strong></span> <span class='ocrx_word' id='word_1_28' title='bbox 1903 566 2004 624; x_wconf 77' lang='lat' dir='ltr'><strong>ali-</strong></span> 
     </span>
     <span class='ocr_line' id='line_1_5' title="bbox 278 665 2006 746; baseline -0.002 -20"><span class='ocrx_word' id='word_1_29' title='bbox 278 680 439 746; x_wconf 89' lang='lat' dir='ltr'><strong>quot,</strong></span> <span class='ocrx_word' id='word_1_30' title='bbox 462 680 527 725; x_wconf 91' lang='lat' dir='ltr'><strong>ut</strong></span> <span class='ocrx_word' id='word_1_31' title='bbox 546 665 938 746; x_wconf 86' lang='lat' dir='ltr'><strong>peritissimum</strong></span> <span class='ocrx_word' id='word_1_32' title='bbox 960 667 1040 722; x_wconf 91' lang='lat' dir='ltr'><strong>rei</strong></span> <span class='ocrx_word' id='word_1_33' title='bbox 1059 665 1343 739; x_wconf 88' lang='lat' dir='ltr'><strong>militaris,</strong></span> <span class='ocrx_word' id='word_1_34' title='bbox 1367 677 1539 743; x_wconf 93' lang='lat' dir='ltr'><strong>utque</strong></span> <span class='ocrx_word' id='word_1_35' title='bbox 1565 666 1790 722; x_wconf 89' lang='lat' dir='ltr'><strong>unicum</strong></span> <span class='ocrx_word' id='word_1_36' title='bbox 1812 666 2006 745; x_wconf 89' lang='lat' dir='ltr'><strong>populi</strong></span> 
     </span>
     <span class='ocr_line' id='line_1_6' title="bbox 278 767 2007 849; baseline -0.002 -21"><span class='ocrx_word' id='word_1_37' title='bbox 278 771 491 828; x_wconf 86' lang='lat' dir='ltr'><strong>romani</strong></span> <span class='ocrx_word' id='word_1_38' title='bbox 518 768 858 849; x_wconf 81' lang='lat' dir='ltr'><strong>praesidium,</strong></span> <span class='ocrx_word' id='word_1_39' title='bbox 883 780 1264 846; x_wconf 84' lang='lat' dir='ltr'><strong>prosequatur.</strong></span> <span class='ocrx_word' id='word_1_40' title='bbox 1287 771 1373 826; x_wconf 85' lang='lat' dir='ltr'><strong>Ex</strong></span> <span class='ocrx_word' id='word_1_41' title='bbox 1395 768 1595 846; x_wconf 91' lang='lat' dir='ltr'><strong>quibus</strong></span> <span class='ocrx_word' id='word_1_42' title='bbox 1613 769 1669 825; x_wconf 92' lang='lat' dir='ltr'><strong>in</strong></span> <span class='ocrx_word' id='word_1_43' title='bbox 1692 767 2007 846; x_wconf 86' lang='lat' dir='ltr'><strong>exemplum</strong></span> 
     </span>
     <span class='ocr_line' id='line_1_7' title="bbox 250 867 2008 949; baseline -0.002 -21"><span class='ocrx_word' id='word_1_44' title='bbox 250 867 253 872; x_wconf 69' lang='grc'><strong>’</strong></span> <span class='ocrx_word' id='word_1_45' title='bbox 278 891 453 949; x_wconf 85' lang='lat' dir='ltr'><strong>pauca</strong></span> <span class='ocrx_word' id='word_1_46' title='bbox 479 870 608 926; x_wconf 90' lang='lat' dir='ltr'><strong>hinc</strong></span> <span class='ocrx_word' id='word_1_47' title='bbox 630 868 759 926; x_wconf 92' lang='lat' dir='ltr'><strong>inde</strong></span> <span class='ocrx_word' id='word_1_48' title='bbox 779 869 985 946; x_wconf 88' lang='lat' dir='ltr'><strong>subjeci</strong></span> <span class='ocrx_word' id='word_1_49' title='bbox 1009 889 1022 924; x_wconf 77' lang='lat' dir='ltr'><strong>t</strong></span> <span class='ocrx_word' id='word_1_50' title='bbox 1054 892 1083 922; x_wconf 72' lang='grc' dir='ltr'><strong>α</strong></span> <span class='ocrx_word' id='word_1_51' title='bbox 1104 868 1273 942; x_wconf 85' lang='lat' dir='ltr'>Vale,</span> <span class='ocrx_word' id='word_1_52' title='bbox 1295 868 1695 946; x_wconf 82' lang='lat' dir='ltr'><strong>jucundissime</strong></span> <span class='ocrx_word' id='word_1_53' title='bbox 1715 868 1927 942; x_wconf 84' lang='lat' dir='ltr'><strong>Tiberi,</strong></span> <span class='ocrx_word' id='word_1_54' title='bbox 1952 879 2008 925; x_wconf 88' lang='lat' dir='ltr'><strong>et</strong></span> 
     </span>
     <span class='ocr_line' id='line_1_8' title="bbox 275 964 2009 1050; baseline -0.001 -22"><span class='ocrx_word' id='word_1_55' title='bbox 275 970 506 1028; x_wconf 82' lang='lat' dir='ltr'><strong>feliciter</strong></span> <span class='ocrx_word' id='word_1_56' title='bbox 534 991 653 1028; x_wconf 85' lang='lat' dir='ltr'><strong>rem</strong></span> <span class='ocrx_word' id='word_1_57' title='bbox 686 991 847 1050; x_wconf 86' lang='lat' dir='ltr'><strong>gere,</strong></span> <span class='ocrx_word' id='word_1_58' title='bbox 881 969 1001 1046; x_wconf 72' lang='grc' dir='ltr'><strong>ἐμοὶ</strong></span> <span class='ocrx_word' id='word_1_59' title='bbox 1032 980 1122 1029; x_wconf 76' lang='grc' dir='ltr'><strong><em>καί</em></strong></span> <span class='ocrx_word' id='word_1_60' title='bbox 1152 980 1266 1037; x_wconf 77' lang='grc' dir='ltr'><strong><em>ταῖς</em></strong></span> <span class='ocrx_word' id='word_1_61' title='bbox 1292 964 1538 1036; x_wconf 74' lang='grc' dir='ltr'><em>Μοῦσαις</em></span> <span class='ocrx_word' id='word_1_62' title='bbox 1569 978 1887 1046; x_wconf 73' lang='grc' dir='ltr'><em>στρατηγῶν.</em></span> <span class='ocrx_word' id='word_1_63' title='bbox 1914 973 2009 1028; x_wconf 86' lang='lat' dir='ltr'><strong>Ju-</strong></span> 
     </span>
     <span class='ocr_line' id='line_1_9' title="bbox 276 1070 2007 1145; baseline 0 -16"><span class='ocrx_word' id='word_1_64' title='bbox 276 1070 637 1145; x_wconf 89' lang='lat' dir='ltr'><strong>cundissime,</strong></span> <span class='ocrx_word' id='word_1_65' title='bbox 672 1083 752 1145; x_wconf 91' lang='lat' dir='ltr'><strong>et,</strong></span> <span class='ocrx_word' id='word_1_66' title='bbox 788 1072 865 1128; x_wconf 90' lang='lat' dir='ltr'><strong>ita</strong></span> <span class='ocrx_word' id='word_1_67' title='bbox 900 1073 1003 1128; x_wconf 91' lang='lat' dir='ltr'><strong>sim</strong></span> <span class='ocrx_word' id='word_1_68' title='bbox 1039 1070 1193 1144; x_wconf 84' lang='lat' dir='ltr'><strong>felix,</strong></span> <span class='ocrx_word' id='word_1_69' title='bbox 1225 1074 1312 1129; x_wconf 85' lang='lat' dir='ltr'><strong>vir</strong></span> <span class='ocrx_word' id='word_1_70' title='bbox 1343 1072 1670 1145; x_wconf 85' lang='lat' dir='ltr'><strong>fortissime,</strong></span> <span class='ocrx_word' id='word_1_71' title='bbox 1703 1081 1759 1129; x_wconf 92' lang='lat' dir='ltr'><strong>et</strong></span> <span class='ocrx_word' id='word_1_72' title='bbox 1787 1071 1900 1129; x_wconf 83' lang='lat' dir='ltr'><strong>dux</strong></span> <span class='ocrx_word' id='word_1_73' title='bbox 1929 1093 2007 1129; x_wconf 85' lang='grc' dir='ltr'><em>νο-</em></span> 
     </span>
     <span class='ocr_line' id='line_1_10' title="bbox 270 1164 2007 1248; baseline 0 -19"><span class='ocrx_word' id='word_1_74' title='bbox 270 1164 553 1248; x_wconf 75' lang='grc' dir='ltr'><strong>μιμώτατε</strong></span> <span class='ocrx_word' id='word_1_75' title='bbox 574 1215 590 1246; x_wconf 88' lang='grc'><em>,</em></span> <span class='ocrx_word' id='word_1_76' title='bbox 640 1171 823 1230; x_wconf 75' lang='lat' dir='ltr'><strong>vale.»</strong></span> <span class='ocrx_word' id='word_1_77' title='bbox 870 1175 972 1245; x_wconf 88' lang='lat' dir='ltr'><strong>Et,</strong></span> <span class='ocrx_word' id='word_1_78' title='bbox 1017 1172 1336 1232; x_wconf 82' lang='lat' dir='ltr'><strong>«Ordinem</strong></span> <span class='ocrx_word' id='word_1_79' title='bbox 1381 1173 1696 1230; x_wconf 82' lang='lat' dir='ltr'><strong>aestivorum</strong></span> <span class='ocrx_word' id='word_1_80' title='bbox 1742 1169 2007 1229; x_wconf 86' lang='lat' dir='ltr'><strong>tuorum!</strong></span> 
     </span>
     <span class='ocr_line' id='line_1_11' title="bbox 274 1271 2008 1352; baseline -0.001 -22"><span class='ocrx_word' id='word_1_81' title='bbox 274 1277 393 1352; x_wconf 80' lang='lat' dir='ltr'><strong>Ego</strong></span> <span class='ocrx_word' id='word_1_82' title='bbox 423 1294 582 1345; x_wconf 83' lang='lat' dir='ltr'><strong>vero,</strong></span> <span class='ocrx_word' id='word_1_83' title='bbox 617 1274 695 1330; x_wconf 92' lang='lat' dir='ltr'><strong>mi</strong></span> <span class='ocrx_word' id='word_1_84' title='bbox 727 1273 947 1348; x_wconf 85' lang='lat' dir='ltr'><strong>Tiberi,</strong></span> <span class='ocrx_word' id='word_1_85' title='bbox 988 1286 1043 1331; x_wconf 92' lang='lat' dir='ltr'><strong>et</strong></span> <span class='ocrx_word' id='word_1_86' title='bbox 1081 1275 1228 1331; x_wconf 92' lang='lat' dir='ltr'><strong>inter</strong></span> <span class='ocrx_word' id='word_1_87' title='bbox 1268 1286 1354 1331; x_wconf 89' lang='lat' dir='ltr'><strong>tot</strong></span> <span class='ocrx_word' id='word_1_88' title='bbox 1397 1294 1585 1330; x_wconf 90' lang='lat' dir='ltr'><strong>rerum</strong></span> <span class='ocrx_word' id='word_1_89' title='bbox 1623 1271 2008 1346; x_wconf 87' lang='lat' dir='ltr'><strong>difficultates,</strong></span> 
     </span>
     <span class='ocr_line' id='line_1_12' title="bbox 274 1367 2011 1451; baseline -0.001 -20"><span class='ocrx_word' id='word_1_90' title='bbox 274 1381 362 1431; x_wconf 74' lang='grc' dir='ltr'><strong>καὶ</strong></span> <span class='ocrx_word' id='word_1_91' title='bbox 395 1367 645 1446; x_wconf 72' lang='grc' dir='ltr'><em>τοσαῦτην</em></span> <span class='ocrx_word' id='word_1_92' title='bbox 678 1371 962 1451; x_wconf 63' lang='grc' dir='ltr'><em>ρᾳθυμίαν</em></span> <span class='ocrx_word' id='word_1_93' title='bbox 998 1384 1093 1433; x_wconf 84' lang='grc' dir='ltr'><em>τῶν</em></span> <span class='ocrx_word' id='word_1_94' title='bbox 1132 1367 1566 1451; x_wconf 65' lang='grc' dir='ltr'><em>στρατευομένων,</em></span> <span class='ocrx_word' id='word_1_95' title='bbox 1611 1393 1724 1430; x_wconf 87' lang='lat' dir='ltr'><strong>non</strong></span> <span class='ocrx_word' id='word_1_96' title='bbox 1767 1373 2011 1451; x_wconf 85' lang='lat' dir='ltr'><strong>potuisse</strong></span> 
     </span>
     <span class='ocr_line' id='line_1_13' title="bbox 276 1474 2009 1555; baseline -0.001 -25"><span class='ocrx_word' id='word_1_97' title='bbox 276 1494 608 1552; x_wconf 84' lang='lat' dir='ltr'><strong>quemquam</strong></span> <span class='ocrx_word' id='word_1_98' title='bbox 637 1475 964 1554; x_wconf 89' lang='lat' dir='ltr'><strong>prudentius</strong></span> <span class='ocrx_word' id='word_1_99' title='bbox 1001 1497 1190 1555; x_wconf 86' lang='lat' dir='ltr'><strong>gerere</strong></span> <span class='ocrx_word' id='word_1_100' title='bbox 1214 1498 1301 1550; x_wconf 92' lang='lat' dir='ltr'><strong>se,</strong></span> <span class='ocrx_word' id='word_1_101' title='bbox 1333 1495 1500 1555; x_wconf 92' lang='lat' dir='ltr'><strong>quam</strong></span> <span class='ocrx_word' id='word_1_102' title='bbox 1529 1486 1588 1531; x_wconf 88' lang='lat' dir='ltr'><strong>tu</strong></span> <span class='ocrx_word' id='word_1_103' title='bbox 1616 1474 1868 1552; x_wconf 78' lang='lat' dir='ltr'><strong>gesseriS,</strong></span> <span class='ocrx_word' id='word_1_104' title='bbox 1897 1475 2009 1530; x_wconf 83' lang='lat' dir='ltr'><strong>exi·</strong></span> 
     </span>
    </p>
   </div>
   <div class='ocr_carea' id='block_1_3' title="bbox 278 1575 2006 1755">
    <p class='ocr_par' dir='ltr' id='par_1_3' title="bbox 278 1575 2006 1755">
     <span class='ocr_line' id='line_1_14' title="bbox 278 1575 2006 1654; baseline -0.001 -23"><span class='ocrx_word' id='word_1_105' title='bbox 278 1575 456 1632; x_wconf 89' lang='lat' dir='ltr'><strong>stimo.</strong></span> <span class='ocrx_word' id='word_1_106' title='bbox 474 1575 546 1632; x_wconf 88' lang='lat' dir='ltr'><strong>Hi</strong></span> <span class='ocrx_word' id='word_1_107' title='bbox 568 1596 818 1654; x_wconf 90' lang='lat' dir='ltr'><strong>quoque,</strong></span> <span class='ocrx_word' id='word_1_108' title='bbox 843 1576 937 1654; x_wconf 91' lang='lat' dir='ltr'><strong>qui</strong></span> <span class='ocrx_word' id='word_1_109' title='bbox 958 1589 1139 1634; x_wconf 91' lang='lat' dir='ltr'><strong>tecum</strong></span> <span class='ocrx_word' id='word_1_110' title='bbox 1167 1577 1419 1650; x_wconf 87' lang='lat' dir='ltr'><strong>fuerunt,</strong></span> <span class='ocrx_word' id='word_1_111' title='bbox 1442 1598 1630 1635; x_wconf 87' lang='lat' dir='ltr'><strong>omnes</strong></span> <span class='ocrx_word' id='word_1_112' title='bbox 1655 1575 2006 1648; x_wconf 83' lang='lat' dir='ltr'><strong>confitentur,</strong></span> 
     </span>
     <span class='ocr_line' id='line_1_15' title="bbox 280 1673 1230 1755; baseline 0.003 -25"><span class='ocrx_word' id='word_1_113' title='bbox 280 1692 496 1730; x_wconf 80' lang='lat' dir='ltr'><strong>versum</strong></span> <span class='ocrx_word' id='word_1_114' title='bbox 529 1673 686 1731; x_wconf 83' lang='lat' dir='ltr'><strong>illum</strong></span> <span class='ocrx_word' id='word_1_115' title='bbox 720 1676 777 1731; x_wconf 93' lang='lat' dir='ltr'><strong>in</strong></span> <span class='ocrx_word' id='word_1_116' title='bbox 809 1688 863 1732; x_wconf 92' lang='lat' dir='ltr'><strong>te</strong></span> <span class='ocrx_word' id='word_1_117' title='bbox 891 1697 1052 1755; x_wconf 92' lang='lat' dir='ltr'><strong>posse</strong></span> <span class='ocrx_word' id='word_1_118' title='bbox 1081 1677 1188 1733; x_wconf 89' lang='lat' dir='ltr'><strong>dici</strong></span> <span class='ocrx_word' id='word_1_119' title='bbox 1217 1698 1230 1733; x_wconf 72' lang='grc' dir='ltr'><strong><em>ε</em></strong></span> 
     </span>
    </p>
   </div>
   <div class='ocr_carea' id='block_1_4' title="bbox 468 1835 1610 1898">
    <p class='ocr_par' dir='ltr' id='par_1_4' title="bbox 468 1835 1610 1898">
     <span class='ocr_line' id='line_1_16' title="bbox 468 1835 1610 1898; baseline 0.004 -19"><span class='ocrx_word' id='word_1_120' title='bbox 468 1835 602 1880; x_wconf 90' lang='lat' dir='ltr'><strong>Unus</strong></span> <span class='ocrx_word' id='word_1_121' title='bbox 636 1835 782 1881; x_wconf 91' lang='lat' dir='ltr'><strong>homo</strong></span> <span class='ocrx_word' id='word_1_122' title='bbox 813 1836 952 1882; x_wconf 86' lang='lat' dir='ltr'><strong>nobis</strong></span> <span class='ocrx_word' id='word_1_123' title='bbox 982 1836 1229 1898; x_wconf 86' lang='lat' dir='ltr'><strong>vigilando</strong></span> <span class='ocrx_word' id='word_1_124' title='bbox 1263 1838 1465 1883; x_wconf 85' lang='lat' dir='ltr'><strong>restituit</strong></span> <span class='ocrx_word' id='word_1_125' title='bbox 1495 1854 1610 1883; x_wconf 87' lang='lat' dir='ltr'><strong>rem.</strong></span> 
     </span>
    </p>
   </div>
   <div class='ocr_carea' id='block_1_5' title="bbox 275 1977 2007 2258">
    <p class='ocr_par' dir='ltr' id='par_1_5' title="bbox 275 1977 2007 2258">
     <span class='ocr_line' id='line_1_17' title="bbox 275 1977 2007 2058; baseline -0.001 -22"><span class='ocrx_word' id='word_1_126' title='bbox 275 1979 400 2036; x_wconf 82' lang='lat' dir='ltr'><strong>Sive</strong></span> <span class='ocrx_word' id='word_1_127' title='bbox 440 1977 575 2056; x_wconf 90' lang='lat' dir='ltr'><strong>quid</strong></span> <span class='ocrx_word' id='word_1_128' title='bbox 614 1977 836 2051; x_wconf 88' lang='lat' dir='ltr'><strong>incidit,</strong></span> <span class='ocrx_word' id='word_1_129' title='bbox 884 1979 952 2039; x_wconf 86' lang='lat' dir='ltr'><strong>de</strong></span> <span class='ocrx_word' id='word_1_130' title='bbox 994 2001 1105 2057; x_wconf 89' lang='lat' dir='ltr'><strong>quo</strong></span> <span class='ocrx_word' id='word_1_131' title='bbox 1145 1981 1215 2037; x_wconf 91' lang='lat' dir='ltr'><strong>sit</strong></span> <span class='ocrx_word' id='word_1_132' title='bbox 1258 1980 1613 2058; x_wconf 89' lang='lat' dir='ltr'><strong>cogitandum</strong></span> <span class='ocrx_word' id='word_1_133' title='bbox 1659 1979 2007 2058; x_wconf 82' lang='lat' dir='ltr'><strong>diligentiuS,</strong></span> 
     </span>
     <span class='ocr_line' id='line_1_18' title="bbox 276 2078 2007 2156; baseline -0.001 -20"><span class='ocrx_word' id='word_1_134' title='bbox 276 2080 388 2136; x_wconf 87' lang='lat' dir='ltr'><strong>sive</strong></span> <span class='ocrx_word' id='word_1_135' title='bbox 433 2078 568 2156; x_wconf 91' lang='lat' dir='ltr'><strong>quid</strong></span> <span class='ocrx_word' id='word_1_136' title='bbox 606 2080 952 2153; x_wconf 84' lang='lat' dir='ltr'><strong>stomachor,</strong></span> <span class='ocrx_word' id='word_1_137' title='bbox 992 2079 1177 2153; x_wconf 84' lang='lat' dir='ltr'><strong>valde,</strong></span> <span class='ocrx_word' id='word_1_138' title='bbox 1226 2081 1439 2138; x_wconf 89' lang='lat' dir='ltr'><strong>medius</strong></span> <span class='ocrx_word' id='word_1_139' title='bbox 1492 2079 1680 2152; x_wconf 90' lang='lat' dir='ltr'><strong>fidius,</strong></span> <span class='ocrx_word' id='word_1_140' title='bbox 1723 2079 2007 2137; x_wconf 89' lang='lat' dir='ltr'><strong>Tiberium</strong></span> 
     </span>
     <span class='ocr_line' id='line_1_19' title="bbox 276 2178 1933 2258; baseline 0.001 -23"><span class='ocrx_word' id='word_1_141' title='bbox 276 2199 460 2236; x_wconf 89' lang='lat' dir='ltr'><strong>meum</strong></span> <span class='ocrx_word' id='word_1_142' title='bbox 488 2178 738 2236; x_wconf 87' lang='lat' dir='ltr'><strong>desidero</strong></span> <span class='ocrx_word' id='word_1_143' title='bbox 767 2201 780 2235; x_wconf 92' lang='lat'><strong>:</strong></span> <span class='ocrx_word' id='word_1_144' title='bbox 818 2182 1198 2258; x_wconf 85' lang='lat' dir='ltr'><strong>succurritque</strong></span> <span class='ocrx_word' id='word_1_145' title='bbox 1229 2203 1415 2238; x_wconf 87' lang='lat' dir='ltr'><strong>versus</strong></span> <span class='ocrx_word' id='word_1_146' title='bbox 1443 2179 1535 2237; x_wconf 92' lang='lat' dir='ltr'><strong>ille</strong></span> <span class='ocrx_word' id='word_1_147' title='bbox 1563 2180 1894 2238; x_wconf 90' lang='lat' dir='ltr'><strong>Homericus</strong></span> <span class='ocrx_word' id='word_1_148' title='bbox 1919 2202 1933 2237; x_wconf 79' lang='lat' dir='ltr'><strong><em>z</em></strong></span> 
     </span>
    </p>
   </div>
   <div class='ocr_carea' id='block_1_6' title="bbox 464 2353 1535 2494">
    <p class='ocr_par' dir='ltr' id='par_1_6' title="bbox 464 2353 1535 2494">
     <span class='ocr_line' id='line_1_20' title="bbox 471 2353 1535 2417; baseline 0.002 -18"><span class='ocrx_word' id='word_1_149' title='bbox 471 2358 621 2400; x_wconf 77' lang='grc' dir='ltr'><em>Τούτου</em></span> <span class='ocrx_word' id='word_1_150' title='bbox 653 2353 695 2399; x_wconf 72' lang='grc' dir='ltr'><strong>δ’</strong></span> <span class='ocrx_word' id='word_1_151' title='bbox 724 2358 981 2415; x_wconf 72' lang='grc' dir='ltr'><strong>ἑσπομένοιο,</strong></span> <span class='ocrx_word' id='word_1_152' title='bbox 1004 2358 1074 2401; x_wconf 70' lang='grc' dir='ltr'><strong>καὶ</strong></span> <span class='ocrx_word' id='word_1_153' title='bbox 1103 2360 1146 2401; x_wconf 76' lang='grc' dir='ltr'><strong>ἐκ.</strong></span> <span class='ocrx_word' id='word_1_154' title='bbox 1170 2361 1290 2417; x_wconf 80' lang='grc' dir='ltr'>πυρὸς</span> <span class='ocrx_word' id='word_1_155' title='bbox 1314 2359 1535 2416; x_wconf 77' lang='grc' dir='ltr'><em>αἰθομένοιο</em></span> 
     </span>
     <span class='ocr_line' id='line_1_21' title="bbox 464 2425 1457 2494; baseline 0 -16"><span class='ocrx_word' id='word_1_156' title='bbox 464 2425 594 2494; x_wconf 56' lang='lat' dir='ltr'><strong>,Rp-‹po›</strong></span> <span class='ocrx_word' id='word_1_157' title='bbox 623 2435 915 2494; x_wconf 74' lang='grc' dir='ltr'><strong>νοστήσαιμεν,</strong></span> <span class='ocrx_word' id='word_1_158' title='bbox 945 2435 1031 2478; x_wconf 80' lang='grc' dir='ltr'>ἐπεὶ</span> <span class='ocrx_word' id='word_1_159' title='bbox 1062 2438 1152 2494; x_wconf 83' lang='grc' dir='ltr'>πέρι</span> <span class='ocrx_word' id='word_1_160' title='bbox 1186 2431 1271 2479; x_wconf 69' lang='grc' dir='ltr'><strong>οἶδε</strong></span> <span class='ocrx_word' id='word_1_161' title='bbox 1302 2443 1457 2484; x_wconf 79' lang='grc' dir='ltr'><em>νοῆσαι.</em></span> 
     </span>
    </p>
   </div>
   <div class='ocr_carea' id='block_1_7' title="bbox 274 2582 2010 3364">
    <p class='ocr_par' dir='ltr' id='par_1_7' title="bbox 274 2582 2010 3364">
     <span class='ocr_line' id='line_1_22' title="bbox 274 2582 2007 2660; baseline 0.001 -22"><span class='ocrx_word' id='word_1_162' title='bbox 274 2584 640 2639; x_wconf 85' lang='lat' dir='ltr'><strong>Attenuatum</strong></span> <span class='ocrx_word' id='word_1_163' title='bbox 668 2594 723 2639; x_wconf 92' lang='lat' dir='ltr'><strong>te</strong></span> <span class='ocrx_word' id='word_1_164' title='bbox 749 2603 866 2640; x_wconf 90' lang='lat' dir='ltr'><strong>esse</strong></span> <span class='ocrx_word' id='word_1_165' title='bbox 889 2584 1306 2640; x_wconf 86' lang='lat' dir='ltr'><strong>continuatione</strong></span> <span class='ocrx_word' id='word_1_166' title='bbox 1333 2582 1617 2654; x_wconf 84' lang='lat' dir='ltr'><strong>laborum,</strong></span> <span class='ocrx_word' id='word_1_167' title='bbox 1648 2604 1821 2660; x_wconf 91' lang='lat' dir='ltr'><strong>quum</strong></span> <span class='ocrx_word' id='word_1_168' title='bbox 1841 2583 2007 2640; x_wconf 89' lang='lat' dir='ltr'><strong>audio</strong></span> 
     </span>
     <span class='ocr_line' id='line_1_23' title="bbox 274 2681 2003 2762; baseline 0.001 -24"><span class='ocrx_word' id='word_1_169' title='bbox 274 2694 330 2738; x_wconf 88' lang='lat' dir='ltr'><strong>et</strong></span> <span class='ocrx_word' id='word_1_170' title='bbox 356 2681 505 2759; x_wconf 87' lang='lat' dir='ltr'><strong>leg0,</strong></span> <span class='ocrx_word' id='word_1_171' title='bbox 536 2682 612 2738; x_wconf 88' lang='lat' dir='ltr'><strong>dii</strong></span> <span class='ocrx_word' id='word_1_172' title='bbox 640 2703 728 2739; x_wconf 90' lang='lat' dir='ltr'><strong>me</strong></span> <span class='ocrx_word' id='word_1_173' title='bbox 753 2683 1014 2760; x_wconf 89' lang='lat' dir='ltr'><strong>perdant,</strong></span> <span class='ocrx_word' id='word_1_174' title='bbox 1044 2684 1149 2740; x_wconf 89' lang='lat' dir='ltr'><strong>nisi</strong></span> <span class='ocrx_word' id='word_1_175' title='bbox 1179 2685 1518 2741; x_wconf 85' lang='lat' dir='ltr'><strong>cohorrescit</strong></span> <span class='ocrx_word' id='word_1_176' title='bbox 1546 2705 1747 2762; x_wconf 88' lang='lat' dir='ltr'><strong>corpus</strong></span> <span class='ocrx_word' id='word_1_177' title='bbox 1780 2704 1965 2741; x_wconf 90' lang='lat' dir='ltr'><strong>meum</strong></span> <span class='ocrx_word' id='word_1_178' title='bbox 1992 2705 2003 2739; x_wconf 75' lang='grc' dir='ltr'><em>τ</em></span> 
     </span>
     <span class='ocr_line' id='line_1_24' title="bbox 276 2783 2009 2863; baseline 0.002 -25"><span class='ocrx_word' id='word_1_179' title='bbox 276 2794 436 2859; x_wconf 91' lang='lat' dir='ltr'><strong>teque</strong></span> <span class='ocrx_word' id='word_1_180' title='bbox 474 2803 636 2860; x_wconf 85' lang='lat' dir='ltr'><strong>rogo,</strong></span> <span class='ocrx_word' id='word_1_181' title='bbox 676 2794 740 2838; x_wconf 91' lang='lat' dir='ltr'><strong>ut</strong></span> <span class='ocrx_word' id='word_1_182' title='bbox 778 2803 972 2859; x_wconf 85' lang='lat' dir='ltr'><strong>parcas</strong></span> <span class='ocrx_word' id='word_1_183' title='bbox 1000 2784 1101 2838; x_wconf 90' lang='lat' dir='ltr'><strong>tibi</strong></span> <span class='ocrx_word' id='word_1_184' title='bbox 1135 2804 1147 2839; x_wconf 92' lang='lat'>:</span> <span class='ocrx_word' id='word_1_185' title='bbox 1183 2805 1279 2856; x_wconf 89' lang='lat' dir='ltr'><strong>ne,</strong></span> <span class='ocrx_word' id='word_1_186' title='bbox 1312 2785 1357 2840; x_wconf 91' lang='lat' dir='ltr'><strong>si</strong></span> <span class='ocrx_word' id='word_1_187' title='bbox 1393 2795 1447 2840; x_wconf 89' lang='lat' dir='ltr'><strong>te</strong></span> <span class='ocrx_word' id='word_1_188' title='bbox 1481 2783 1743 2863; x_wconf 86' lang='lat' dir='ltr'><strong>languere</strong></span> <span class='ocrx_word' id='word_1_189' title='bbox 1772 2785 2009 2844; x_wconf 81' lang='lat' dir='ltr'><strong>audieri-</strong></span> 
     </span>
     <span class='ocr_line' id='line_1_25' title="bbox 275 2884 2009 2961; baseline 0.002 -23"><span class='ocrx_word' id='word_1_190' title='bbox 275 2903 398 2939; x_wconf 88' lang='lat' dir='ltr'><strong>mus</strong></span> <span class='ocrx_word' id='word_1_191' title='bbox 416 2925 432 2954; x_wconf 91' lang='lat'><strong>,</strong></span> <span class='ocrx_word' id='word_1_192' title='bbox 463 2894 516 2939; x_wconf 91' lang='lat' dir='ltr'><strong>et</strong></span> <span class='ocrx_word' id='word_1_193' title='bbox 542 2903 645 2961; x_wconf 86' lang='lat' dir='ltr'><strong>ego</strong></span> <span class='ocrx_word' id='word_1_194' title='bbox 677 2894 733 2939; x_wconf 92' lang='lat' dir='ltr'><strong>et</strong></span> <span class='ocrx_word' id='word_1_195' title='bbox 761 2894 938 2939; x_wconf 89' lang='lat' dir='ltr'><strong>mater</strong></span> <span class='ocrx_word' id='word_1_196' title='bbox 968 2894 1061 2938; x_wconf 91' lang='lat' dir='ltr'><strong>tua</strong></span> <span class='ocrx_word' id='word_1_197' title='bbox 1085 2884 1426 2961; x_wconf 88' lang='lat' dir='ltr'><strong>exspiremus</strong></span> <span class='ocrx_word' id='word_1_198' title='bbox 1446 2927 1462 2951; x_wconf 82' lang='lat'><strong>,</strong></span> <span class='ocrx_word' id='word_1_199' title='bbox 1488 2896 1542 2941; x_wconf 90' lang='lat' dir='ltr'><strong>et</strong></span> <span class='ocrx_word' id='word_1_200' title='bbox 1573 2884 1642 2941; x_wconf 90' lang='lat' dir='ltr'><strong>de</strong></span> <span class='ocrx_word' id='word_1_201' title='bbox 1668 2906 1883 2945; x_wconf 87' lang='lat' dir='ltr'><strong>summa</strong></span> <span class='ocrx_word' id='word_1_202' title='bbox 1913 2887 2009 2942; x_wconf 91' lang='lat' dir='ltr'><strong>im-</strong></span> 
     </span>
     <span class='ocr_line' id='line_1_26' title="bbox 275 2982 2008 3062; baseline 0.002 -23"><span class='ocrx_word' id='word_1_203' title='bbox 275 2984 413 3060; x_wconf 91' lang='lat' dir='ltr'><strong>perii</strong></span> <span class='ocrx_word' id='word_1_204' title='bbox 457 2984 542 3039; x_wconf 92' lang='lat' dir='ltr'><strong>sui</strong></span> <span class='ocrx_word' id='word_1_205' title='bbox 588 2982 828 3062; x_wconf 91' lang='lat' dir='ltr'><strong>populus</strong></span> <span class='ocrx_word' id='word_1_206' title='bbox 874 3003 1133 3039; x_wconf 90' lang='lat' dir='ltr'><strong>romanus</strong></span> <span class='ocrx_word' id='word_1_207' title='bbox 1164 2982 1521 3061; x_wconf 88' lang='lat' dir='ltr'><strong>periclitetur.</strong></span> <span class='ocrx_word' id='word_1_208' title='bbox 1554 2987 1714 3044; x_wconf 87' lang='lat' dir='ltr'><strong>Nihil</strong></span> <span class='ocrx_word' id='word_1_209' title='bbox 1749 2988 2008 3058; x_wconf 81' lang='lat' dir='ltr'><strong>interest,</strong></span> 
     </span>
     <span class='ocr_line' id='line_1_27' title="bbox 276 3083 2007 3163; baseline 0.001 -23"><span class='ocrx_word' id='word_1_210' title='bbox 276 3083 485 3141; x_wconf 85' lang='lat' dir='ltr'><strong>valeam</strong></span> <span class='ocrx_word' id='word_1_211' title='bbox 531 3085 648 3163; x_wconf 91' lang='lat' dir='ltr'><strong>ipse</strong></span> <span class='ocrx_word' id='word_1_212' title='bbox 689 3103 789 3141; x_wconf 90' lang='lat' dir='ltr'><strong>nec</strong></span> <span class='ocrx_word' id='word_1_213' title='bbox 821 3104 920 3156; x_wconf 91' lang='lat' dir='ltr'><strong>ne,</strong></span> <span class='ocrx_word' id='word_1_214' title='bbox 969 3085 1013 3140; x_wconf 92' lang='lat' dir='ltr'><strong>si</strong></span> <span class='ocrx_word' id='word_1_215' title='bbox 1055 3096 1115 3140; x_wconf 91' lang='lat' dir='ltr'><strong>tu</strong></span> <span class='ocrx_word' id='word_1_216' title='bbox 1158 3105 1270 3140; x_wconf 91' lang='lat' dir='ltr'><strong>non</strong></span> <span class='ocrx_word' id='word_1_217' title='bbox 1308 3083 1531 3142; x_wconf 85' lang='lat' dir='ltr'><strong>valebiS.</strong></span> <span class='ocrx_word' id='word_1_218' title='bbox 1565 3090 1712 3144; x_wconf 90' lang='lat' dir='ltr'><strong>Deos</strong></span> <span class='ocrx_word' id='word_1_219' title='bbox 1747 3087 2007 3155; x_wconf 88' lang='lat' dir='ltr'><strong>obsecr0,</strong></span> 
     </span>
     <span class='ocr_line' id='line_1_28' title="bbox 276 3184 2010 3266; baseline 0.001 -25"><span class='ocrx_word' id='word_1_220' title='bbox 276 3197 340 3241; x_wconf 88' lang='lat' dir='ltr'><strong>ut</strong></span> <span class='ocrx_word' id='word_1_221' title='bbox 368 3198 423 3243; x_wconf 91' lang='lat' dir='ltr'><strong>te</strong></span> <span class='ocrx_word' id='word_1_222' title='bbox 447 3186 604 3242; x_wconf 88' lang='lat' dir='ltr'><strong>nobis</strong></span> <span class='ocrx_word' id='word_1_223' title='bbox 632 3197 984 3257; x_wconf 85' lang='lat' dir='ltr'><strong>conservent,</strong></span> <span class='ocrx_word' id='word_1_224' title='bbox 1013 3197 1068 3241; x_wconf 88' lang='lat' dir='ltr'><strong>et</strong></span> <span class='ocrx_word' id='word_1_225' title='bbox 1095 3184 1276 3241; x_wconf 88' lang='lat' dir='ltr'><strong>valere</strong></span> <span class='ocrx_word' id='word_1_226' title='bbox 1306 3206 1458 3244; x_wconf 86' lang='lat' dir='ltr'><strong>nunc</strong></span> <span class='ocrx_word' id='word_1_227' title='bbox 1485 3200 1541 3244; x_wconf 88' lang='lat' dir='ltr'><strong>et</strong></span> <span class='ocrx_word' id='word_1_228' title='bbox 1567 3207 1780 3265; x_wconf 89' lang='lat' dir='ltr'><strong>semper</strong></span> <span class='ocrx_word' id='word_1_229' title='bbox 1799 3184 2010 3266; x_wconf 80' lang='lat' dir='ltr'><strong>patian-</strong></span> 
     </span>
     <span class='ocr_line' id='line_1_29' title="bbox 279 3284 1672 3364; baseline 0.001 -24"><span class='ocrx_word' id='word_1_230' title='bbox 279 3297 393 3358; x_wconf 91' lang='lat' dir='ltr'><strong>tur,</strong></span> <span class='ocrx_word' id='word_1_231' title='bbox 425 3288 468 3342; x_wconf 89' lang='lat' dir='ltr'><strong>si</strong></span> <span class='ocrx_word' id='word_1_232' title='bbox 497 3306 609 3342; x_wconf 89' lang='lat' dir='ltr'><strong>non</strong></span> <span class='ocrx_word' id='word_1_233' title='bbox 641 3284 909 3364; x_wconf 88' lang='lat' dir='ltr'><strong>populum</strong></span> <span class='ocrx_word' id='word_1_234' title='bbox 940 3306 1228 3343; x_wconf 88' lang='lat' dir='ltr'><strong>romanum</strong></span> <span class='ocrx_word' id='word_1_235' title='bbox 1259 3289 1440 3364; x_wconf 80' lang='lat' dir='ltr'><strong>perosi</strong></span> <span class='ocrx_word' id='word_1_236' title='bbox 1471 3300 1613 3344; x_wconf 88' lang='lat' dir='ltr'><strong>sunt.</strong></span> <span class='ocrx_word' id='word_1_237' title='bbox 1646 3313 1672 3341; x_wconf 74' lang='lat'><strong>10</strong></span> 
     </span>
    </p>
   </div>
   <div class='ocr_carea' id='block_1_8' title="bbox 1709 3410 1763 3466">
    <p class='ocr_par' dir='ltr' id='par_1_8' title="bbox 1709 3410 1763 3466">
     <span class='ocr_line' id='line_1_30' title="bbox 1709 3410 1763 3466; baseline 0 -23"><span class='ocrx_word' id='word_1_238' title='bbox 1709 3410 1763 3466; x_wconf 79' lang='grc'><strong>9.</strong></span> 
     </span>
    </p>
   </div>
  </div>
 </body>
</html>
