2372 3918
419 401 434 427 1
446 384 506 429 82
1189 384 1379 430 NOTAE

483 483 774 543 Recognovit.
810 484 914 528 Hoc
938 491 1071 526 antea
1104 497 1354 545 censorum
1378 482 1547 527 fuerat.

487 559 868 605 Transvectionis.
906 562 996 605 Per
1029 574 1196 619 quam,
1231 567 1334 604 test.
1361 558 1464 604 Liv.
1499 574 1579 617 ix,
1605 557 1655 602 in
1680 555 1796 615 fine,
1827 558 2025 619 Equites
2055 561 2161 606 olea

414 639 632 683 coronati
648 672 660 693 ,
688 632 841 683 idibus
864 637 1045 699 quintil.
1068 670 1080 690 ‚
1108 637 1170 682 ab
1203 638 1310 682 oede
1338 637 1566 692 Honoris,
1593 636 1716 682 albis
1754 637 1885 698 equis
1911 637 2163 684 insidentes

413 716 461 759 in
493 715 777 776 Capitolium
802 715 1065 760 transirent.
1104 716 1178 759 De
1215 714 1303 760 hac
1333 715 1473 775 plura
1505 713 1617 760 vide
1649 712 1781 775 apud
1813 715 2014 773 Rosut„
2048 718 2161 760 Ant.

415 795 547 849 Rom.
566 826 582 845 ,
618 809 693 850 lv,
718 810 766 855 p.
796 792 905 840 285.

484 881 627 926 Labe.
661 883 807 937 Puta,
841 895 979 925 nares
1013 878 1244 939 praecisae;
1283 880 1359 925 vel
1396 895 1555 938 aures,
1583 888 1665 925 aut
1696 878 1828 925 aliud
1857 879 1994 941 quod
2022 896 2165 943 grave

413 959 586 1003 vulnus
616 957 914 1018 impositum,
939 962 1166 1002 monente
1195 956 1467 1002 Casaubon.

485 1031 889 1107 Gratiamfecit...
910 1047 1103 1091 nollent.
1127 1046 1250 1090 Rem
1275 1044 1485 1091 dilucide
1502 1045 1708 1106 explicat
1738 1047 1806 1094 Cl.
1826 1047 1957 1092 Hase
1975 1062 1992 1089 .·
2018 1065 2038 1087 α
2054 1046 2167 1091 Tri-

415 1124 522 1171 buit
550 1127 793 1186 Augustus
823 1123 878 1169 iis
895 1160 908 1179 ‚
940 1123 1026 1185 qui
1047 1123 1236 1177 adeam
1261 1131 1443 1168 aetatem
1477 1123 1697 1185 provecti
1729 1124 1887 1169 nullos
1910 1122 2087 1185 quibus
2115 1124 2166 1169 in

415 1210 630 1248 senatum
676 1201 909 1246 intrarent
952 1201 1160 1245 honores
1204 1208 1485 1260 acceperant
1508 1235 1522 1259 ‚
1567 1200 1664 1246 hoc
1695 1199 2012 1258 beneficium,
2045 1209 2099 1245 ut
2139 1217 2166 1246 a

414 1280 616 1324 molesto
640 1277 878 1339 stipendio
916 1277 1043 1322 inter
1073 1277 1257 1338 equites
1290 1278 1506 1324 merendi
1531 1293 1676 1323 onere
1697 1276 1916 1336 liberati,
1947 1277 2168 1324 ordinem

416 1364 685 1417 equestrem
707 1353 995 1412 retinerent,
1033 1369 1134 1415 quo
1167 1354 1452 1400 excidebant
1476 1354 1685 1401 vendere
1707 1371 1885 1417 equum
1916 1369 1943 1400 a
1973 1370 2169 1401 censore

413 1433 547 1492 jussi.
568 1453 587 1474 »
972 1428 975 1430 ’

486 1513 596 1557 Cn.
623 1511 867 1556 XXXIX.
894 1510 1223 1570 Pugillarium.
1244 1510 1302 1554 H.
1330 1527 1369 1556 e.
1388 1511 1669 1556 tabellarum
1694 1509 1745 1554 in
1760 1508 1936 1570 quibus
1967 1509 2173 1556 describi

418 1596 669 1634 curaverat
696 1602 1010 1648 quaecumque
1041 1585 1133 1633 illis
1170 1596 1306 1633 erant
1330 1587 1602 1647 objicienda
1616 1621 1630 1645 ,
1667 1595 1729 1631 ut·
1749 1586 1932 1647 probra
1963 1602 2049 1633 sua
2081 1602 2170 1632 co-

417 1665 583 1728 gnosci
605 1666 822 1712 videntes
853 1665 916 1711 ad
937 1664 1181 1711 meliorem
1207 1682 1255 1711 se
1278 1666 1469 1727 frugem
1492 1673 1840 1711 converterent.

487 1756 600 1801 Cu.
631 1755 735 1800 XL.
767 1754 1149 1811 Quatuordecim.
1187 1753 1297 1799 Scil.
1332 1736 1584 1799 ordinibus
1607 1769 1691 1799 seu
1722 1752 1949 1816 gradibus
1974 1769 1985 1798 ε
2019 1752 2081 1798 de
2104 1751 2175 1796 his

419 1833 531 1878 vide
556 1848 702 1892 supra
738 1832 885 1886 Cama,
922 1846 1093 1876 xxxix.

497 1920 780 1966 Theatralis.
822 1921 997 1981 Legem
1044 1919 1216 1964 Juliam
1264 1920 1539 1964 theatralem
1588 1926 1926 1964 commemorat
1974 1915 2175 1970 Plinius,

420 2014 611 2056 xxx111‚
641 2013 693 2055 2,
720 2013 813 2058 qua
854 1996 1010 2041 fuerat
1045 1996 1378 2054 constitutum,
1411 2012 1472 2041 ne
1496 1994 1574 2041 cui
1603 2010 1801 2040 aureum
1830 1995 2056 2040 annulum
2090 2008 2176 2054 ge-

419 2091 524 2122 rere
550 2075 742 2131 liceret,
771 2073 862 2119 nisi
887 2073 965 2118 cui
994 2073 1206 2136 ingenuo
1230 2073 1353 2134 ipsi,
1386 2072 1534 2134 patri,
1568 2088 1756 2132 avoque
1778 2080 1982 2131 paterno
1999 2078 2174 2116 sester-

419 2152 487 2197 tia
524 2166 836 2197 ccccrcensus
867 2149 1057 2207 fuisset,
1094 2160 1141 2195 et
1179 2152 1281 2211 lege
1310 2151 1443 2195 Iulia
1467 2150 1692 2194 theatrali
1721 2149 1771 2193 in
1808 2163 1895 2193 x1v
1926 2147 2178 2193 ordinibus

425 2227 637 2274 sedendi.
1958 2229 1965 2236 '

492 2319 622 2380 Egit.
649 2319 720 2361 De
743 2317 838 2361 hoc
862 2312 1028 2362 census
1053 2331 1227 2378 genere
1251 2315 1362 2361 vide
1387 2332 1554 2377 supra,
1589 2315 1710 2361 Coes.
1727 2349 1741 2370 ,
1775 2331 1874 2360 xm.

500 2409 733 2452 TesseraS.
779 2406 926 2450 Erant
968 2404 1170 2451 frustilla
1208 2405 1364 2467 lignea
1380 2441 1394 2463 ‚
1433 2413 1560 2450 certa
1598 2403 1753 2449 forma
1789 2402 2011 2466 insignita
2027 2436 2042 2460 ,
2072 2418 2179 2463 quae

425 2484 664 2531 dabantur
687 2482 744 2527 iis
768 2482 946 2543 quibus
970 2482 1167 2528 facultas
1191 2490 1293 2527 erat
1319 2482 1517 2542 petendi
1544 2480 1738 2542 publice
1770 2479 2012 2526 frumenti.
2037 2478 2180 2526 Unde

428 2564 626 2617 Juven.‚
653 2577 730 2616 vl,
764 2566 852 2617 174
889 2576 901 2604 z

999 2751 1007 2760 .
1031 2751 1040 2760 .
1067 2740 1079 2760 ι.
1107 2750 1117 2759 .
1144 2722 1231 2771 Qua
1256 2718 1345 2759 vilis
1365 2726 1510 2758 tessera
1534 2717 1643 2758 venit

604 2792 810 2832 Frumenti
815 2821 996 2832 ......

499 2943 812 2997 Οοιηίιίονιηη.
842 2942 1013 2999 Qualia
1040 2941 1129 2987 sub
1155 2943 1334 2987 Caesare
1359 2942 1564 2987 fuerant.
1591 2941 1716 2987 Vide
1749 2956 1853 3001 sup.
1895 2941 2014 2985 Caes.
2034 2974 2048 2994 ‚
2084 2955 2182 2983 xm.

430 3018 501 3066 Cf.
526 3022 705 3077 Elem,
729 3035 822 3064 L111
840 3054 854 3075 ‚
877 3035 923 3079 p.
956 3019 1064 3066 511.

501 3098 618 3142 Suis.
656 3097 736 3142 Ad
768 3096 1004 3142 Fabianos
1028 3096 1299 3156 pertinebat
1340 3097 1402 3141 ob
1436 3104 1626 3156 gentem
1667 3095 1941 3151 Octaviam;
1974 3093 2036 3140 ad
2067 3094 2181 3138 Sca-

428 3176 660 3236 ptienses,
687 3174 752 3219 ob
777 3184 966 3237 gentem
997 3174 1184 3218 Juliam.

501 3254 543 3297 A
569 3268 634 3296 se.
665 3252 722 3296 H.
758 3268 797 3296 e.
827 3252 889 3296 de
914 3267 1018 3296 suo.

505 3329 800 3374 Terml'navt't.
818 3329 938 3385 Dio,
964 3344 1045 3386 LV,
1069 3344 1117 3387 p.
1147 3325 1237 3385 557
1260 3344 1270 3371 :
1299 3333 1466 3383 Διέταξε
1492 3333 1564 3379 τήν
1591 3351 1635 3376 τε
1660 3336 1819 3382 ἠλικίαν
1843 3335 1888 3381 ἦν
1914 3334 1979 3374 τόν
2006 3349 2051 3373 τε
2076 3333 2181 3373 ἐλευ-

432 3412 660 3469 θερώσοντοί
684 3430 777 3455 τινα
805 3412 874 3455 καὶ
907 3414 978 3459 τὴν
1013 3413 1307 3470 ἀφιθησόμενον
1346 3415 1414 3454 ὑπ’
1449 3412 1571 3453 αὐτοῦ
1606 3413 1707 3467 ἔχειν
1738 3408 1899 3456 διήσοϊ
1930 3408 2001 3452 καὶ
2038 3409 2092 3451 τὰ
2120 3405 2181 3450 δι·
