2372 3918
615 217 664 260 C.
700 214 991 259 SUETONII
1028 212 1339 258 OCTAVIUS
1365 215 1712 261 AUGUSTUS.
1972 214 2027 261 51

304 333 420 376 tum
447 318 603 388 fecit,
631 317 849 375 AEmilio
875 319 1027 393 Papo
1055 317 1403 394 imperatore.
1428 322 1579 376 Avus
1604 320 2034 399 municipalibus

306 422 627 500 magisteriis
656 431 981 490 contentus,
1015 419 1335 476 abundante
1366 421 1732 498 patrimoniO,
1767 423 2035 502 tranquil-

304 523 507 581 lissime
534 524 732 582 senuit.
766 521 874 578 Sed
899 522 1015 579 haec
1037 521 1148 579 alii.
1176 525 1302 601 Ipse
1328 525 1609 602 Augustus
1636 524 1772 581 nihil
1801 524 2037 603 amplius

304 647 469 704 quam
505 624 745 703 equestri
776 622 984 680 familia
1013 636 1199 681 ortum
1236 646 1292 682 se
1325 626 1538 697 scribit,
1571 638 1757 682 vetere
1791 646 1854 682 ac
1887 626 2037 683 locu-

303 728 476 806 plete,
503 738 556 784 et
583 727 642 782 in
665 747 774 803 qua
799 726 1012 804 primus
1038 740 1260 784 senator
1283 739 1440 805 pater
1466 748 1597 783 suus
1622 726 1808 783 fuerit.
1832 729 1909 782 M.
1935 730 2041 784 An-

303 832 487 886 tonius
525 828 844 886 libertinum
880 829 930 884 ei
970 849 1239 906 proavum
1278 830 1605 906 exprobrat,
1645 829 1973 898 restionem,
2012 850 2042 884 e

304 952 447 1009 pago
476 931 728 987 Thurino
760 953 772 987 :
804 951 970 987 avum
1000 931 1394 1007 argentarium.
1423 932 1542 989 Nec
1568 931 1868 1008 quicquam
1897 929 2042 986 ultra

272 1077 276 1081 ,
305 1032 371 1089 de
399 1033 641 1110 paternis
670 1034 906 1110 Augusti
937 1033 1239 1109 majoribus
1273 1034 1470 1111 reperi.

386 1136 487 1191 III.
531 1137 595 1192 C.
629 1135 892 1191 Octavius
933 1118 1117 1212 pater,
1160 1156 1191 1190 a
1233 1135 1506 1212 principio
1549 1135 1754 1206 aetatiS,
1796 1147 1851 1190 et
1892 1154 1951 1190 re
1991 1145 2044 1189 et

307 1237 711 1292 existimatione
759 1257 964 1315 magna
1011 1236 1116 1293 fuit
1169 1258 1181 1293 :
1234 1249 1297 1292 ut
1345 1235 1600 1314 equidem
1647 1238 1847 1309 mirer,
1895 1235 2044 1291 hunc

308 1357 528 1414 quoque
550 1357 581 1393 a
603 1335 888 1394 nonnullis
917 1338 1321 1416 argentarium,
1348 1350 1514 1415 atque
1543 1338 1709 1393 etiam
1736 1338 1881 1392 inter
1908 1336 2046 1392 divi-

309 1458 458 1493 sores
510 1458 814 1516 operasque
863 1450 1198 1515 campestres
1217 1482 1232 1511 ,
1284 1438 1587 1516 proditum.
1635 1436 1851 1516 Amplis
1899 1437 2047 1493 enim

311 1538 615 1594 innutritus
641 1539 865 1616 opibUS,
895 1539 1136 1595 honores
1167 1551 1223 1596 et
1250 1539 1481 1617 adeptus
1509 1552 1591 1596 est
1616 1538 1799 1612 facile,
1826 1550 1881 1595 et
1904 1559 2052 1616 egre-

312 1640 398 1716 gie
449 1639 870 1695 administravit.
924 1641 1007 1695 Ex
1063 1650 1304 1717 praetura
1353 1640 1742 1696 Macedoniam
1789 1641 2015 1696 sortitus
2034 1684 2050 1713 ,

312 1739 600 1817 fugitivos,
627 1739 908 1796 residuam
934 1741 1180 1818 Spartaci
1209 1752 1263 1796 et
1291 1739 1543 1798 Catilinae
1568 1761 1797 1797 manum
1814 1785 1829 1812 ,
1856 1742 2054 1797 Thuri-

313 1861 448 1896 num
481 1853 683 1919 agrum'
707 1852 981 1914 tenentes,
1015 1841 1071 1896 in
1109 1842 1309 1897 itinere
1343 1840 1575 1914 delevit,
1606 1842 1830 1920 negotio
1862 1842 1965 1898 sibi
1996 1842 2054 1896 in

317 1954 509 1998 senatu
547 1955 702 1998 extra
733 1941 986 1999 ordinem
1018 1942 1164 1999 dato,
1201 1944 1506 2001 Provinciae
1541 1943 1760 2021 praefuit
1795 1965 1908 1999 non
1948 1943 2054 1998 mi-

317 2065 452 2100 nore
475 2044 691 2122 justitia
721 2065 884 2120 quam
919 2044 1264 2101 fortitudine.
1295 2046 1549 2123 Namque
1578 2045 1755 2101 Bessis
1785 2065 1849 2099 ac
1877 2043 2056 2100 Thra-

320 2145 473 2200 cibus
498 2165 699 2223 magno
721 2144 917 2223 proelio
939 2146 1100 2218 fusis,
1124 2148 1200 2203 ita
1221 2147 1397 2203 socios
1424 2147 1708 2216 tractavit,
1727 2158 1791 2201 ut
1815 2144 2058 2223 epistolae

321 2248 400 2302 M.
439 2245 609 2302 Tullii
642 2247 926 2303 Ciceronis
961 2260 1209 2319 exstent,
1247 2248 1446 2325 quibus
1484 2249 1764 2322 Quintum
1799 2247 2058 2319 fratrem,

323 2348 515 2404 eodem
537 2359 783 2425 tempore
804 2369 1002 2426 parum
1022 2348 1262 2404 secunda
1278 2342 1422 2405 fama
1443 2346 1898 2427 proconsulatum
1917 2348 2063 2403 Asiae

326 2447 830 2521 administrantem,
863 2448 1121 2504 hortatur
1148 2461 1204 2505 et
1230 2461 1446 2522 monet,
1478 2450 1727 2506 imitetur
1756 2449 1812 2504 in
1840 2468 2063 2524 prome-

327 2549 512 2605 rendis
547 2551 705 2606 sociis
737 2551 983 2606 vicinum
1018 2571 1180 2606 suum
1214 2550 1528 2607 Octavium.

408 2652 505 2708 IV.
549 2651 837 2707 Decedens
861 2651 1211 2722 Macedonia,
1238 2652 1559 2729 priusquam
1587 2652 1837 2729 profiteri
1863 2673 1919 2708 se
1941 2673 2068 2708 can-

334 2750 586 2806 didatum
623 2750 942 2807 consulatus
982 2764 1198 2828 posset,
1235 2766 1473 2809 mortem
1509 2754 1647 2809 obiit
1680 2754 2067 2830 repentinam,

336 2851 725 2929 superstitibus
747 2850 957 2921 liberis,
981 2852 1214 2908 Octavia
1237 2853 1468 2928 majore,
1493 2875 1660 2930 quam
1681 2874 1748 2910 ex
1767 2854 2069 2924 Ancharia,

336 2964 389 3009 et
419 2951 650 3010 Octavia
681 2952 922 3022 min0re,
952 2951 1084 3007 item
1110 2953 1391 3029 AugustO,
1425 2973 1564 3029 quos
1593 2974 1660 3009 ex
1693 2955 1819 3010 Atia
1850 2951 2069 3008 tulerat.

337 3055 463 3112 Atia
495 3057 573 3110 M.
612 3050 749 3110 Atio
773 3051 943 3109 Balbo
978 3065 1033 3108 et
1063 3051 1235 3126 Julia‚
1274 3073 1463 3109 sorore
1496 3057 1557 3111 C.
1594 3055 1855 3126 Caesaris,
1889 3054 2074 3131 genita

341 3169 436 3211 est.
474 3153 710 3227 Balbus,
747 3166 974 3232 paterna
1012 3155 1181 3232 stirpe
1218 3156 1506 3229 Aricinus,
1542 3151 1729 3212 multis
1771 3157 1828 3211 in
1867 3153 2074 3210 familia

344 3257 633 3312 senatoriis
651 3256 1007 3334 imaginibuS,
1026 3278 1055 3313 a
1072 3270 1248 3314 matre
1263 3262 1534 3336 Magnum
1550 3260 1877 3335 Pompeium
1894 3258 2078 3313 arctis-

1782 3361 1835 3421 A.
