2372 3918
895 286 1219 333 CALIGULA.
1826 285 1911 333 185

216 393 505 451 studiosius
535 392 786 472 plausum
813 402 984 463 esset,
1014 391 1092 447 ita
1117 411 1174 447 se
1202 391 1477 469 proripuit
1505 411 1536 447 e
1565 388 1912 469 spectaculis,

215 507 309 564 ut,
342 493 546 551 calcata
577 492 774 550 lacinia
806 502 976 567 togae,
1007 510 1246 568 proeceps
1285 511 1385 569 per
1416 489 1620 569 gradus
1654 491 1790 564 iret,
1827 491 1912 546 in-

215 592 597 672 dignabundus
636 603 691 648 et
721 589 1036 663 clamitans,
1068 615 1095 645 α
1121 589 1405 648 dominum
1439 590 1687 669 gentium
1733 580 1929 667 popu-v

215 691 329 751 lum
357 714 423 751 ex
447 714 507 750 re
528 691 798 750 levissima
829 689 951 768 plus
977 691 1204 748 honoris
1232 689 1522 769 gladiatori
1548 689 1882 746 tribuentem
1900 732 1916 761 ,

215 813 381 869 quam
415 791 738 849 consecratis
766 790 1134 868 principibuS,
1167 803 1263 847 aut
1290 790 1542 869 praesenti
1575 789 1696 846 sibi.
1721 812 1748 841 >2

294 893 549 949 XXXVI.
581 889 862 947 Pudicitiae
887 911 1063 967 neque
1083 911 1193 947 suae
1207 934 1222 963 ,
1243 910 1421 967 neque
1437 888 1637 946 alienae
1658 888 1928 966 pepercit:

214 993 293 1048 M.
330 990 598 1068 Lepidum
617 1033 632 1063 ,
658 992 991 1047 Mnesterem
1014 991 1411 1068 pantomimum
1431 1032 1448 1060 ,
1477 986 1744 1066 quosdam
1773 987 1920 1043 obsi-

214 1090 307 1148 des
338 1089 583 1148 dilexisse
617 1089 815 1163 fertur,
847 1079 1175 1147 commercio
1212 1091 1389 1147 mutui
1430 1091 1624 1167 stupri.
1659 1086 1916 1147 Valerius

215 1188 494 1259 CatulluS,
524 1188 796 1247 consulari
826 1189 1029 1246 familia
1054 1191 1302 1267 juveniS,
1335 1202 1643 1267 stupratum
1677 1210 1708 1245 a
1738 1209 1825 1261 se,
1857 1209 1921 1245 ac

214 1289 383 1348 latera
425 1291 527 1348 sibi
560 1291 921 1347 contubernio
955 1292 1071 1367 ejus
1108 1290 1315 1348 defessa
1336 1334 1350 1363 ,
1393 1291 1558 1347 etiam
1595 1288 1920 1346 vociferatus

215 1403 311 1448 est.
352 1393 532 1468 Super
570 1412 819 1449 sororum
854 1392 1095 1462 incesta,
1139 1403 1192 1447 et
1230 1392 1569 1447 notissimum
1616 1391 1921 1467 prostitutae

215 1489 504 1568 Pyrallidis
539 1512 811 1563 amorem,
850 1512 961 1547 non
1002 1503 1207 1547 temere
1241 1489 1351 1546 ulla
1386 1489 1683 1546 illustriore
1722 1488 1923 1545 femina

217 1590 481 1647 abstinuit
507 1612 519 1646 ε
548 1611 680 1667 quas
721 1590 1045 1668 plerumque
1077 1611 1201 1646 cum
1238 1591 1447 1646 maritis
1481 1589 1550 1645 ad
1583 1610 1792 1646 coenam
1825 1609 1921 1644 vo-

216 1703 396 1762 catas,
434 1702 736 1767 praeterque
769 1690 933 1767 pedes
971 1711 1096 1746 suos
1133 1702 1503 1762 transeunteS,
1537 1688 1826 1767 diligenter
1860 1709 1922 1744 ac

216 1789 394 1862 lente,
437 1791 796 1846 mercantium
844 1810 1032 1860 more,
1076 1789 1487 1861 considerabat3
1528 1790 1691 1844 etiam
1729 1788 1920 1844 faciem

215 1911 382 1946 manu
423 1889 661 1946 allevans
687 1932 701 1960 ,
736 1890 781 1946 si
821 1910 940 1967 quae
982 1890 1210 1967 pudore
1243 1890 1658 1962 summitterent.
1693 1889 1922 1961 Quoties

216 1990 411 2047 deinde
449 1988 720 2063 libuisset,
756 2010 1000 2068 egressus
1035 1989 1301 2062 tricliniO,
1335 2011 1506 2067 quum
1540 1990 1776 2046 maxime
1805 1987 1923 2067 pla-

217 2091 380 2146 citam
413 2102 744 2163 sevocasset,
772 2089 936 2167 paulo
965 2102 1113 2168 post,
1144 2090 1453 2147 recentibus
1482 2089 1662 2147 adhuc
1689 2088 1923 2146 lasciviae

217 2191 388 2262 notis,
431 2210 676 2246 reversus
719 2188 805 2246 vel
844 2188 1103 2246 laudabat
1151 2188 1332 2268 palam
1355 2234 1370 2262 ,
1408 2177 1493 2247 rel
1536 2191 1920 2268 vituperabat3

217 2289 433 2369 singula
460 2311 782 2348 enumerans
811 2292 955 2347 bona
988 2290 1198 2348 malave
1227 2293 1471 2370 corporis
1488 2305 1695 2369 ,atque
1720 2313 1924 2349 concu-

217 2392 381 2448 bitus.
407 2390 780 2464 Quibusdam,
805 2392 1107 2447 absentium
1138 2392 1461 2449 maritorum
1488 2394 1732 2466 nomine,
1757 2413 1924 2470 repu-

219 2491 367 2549 dium
401 2493 514 2569 ipse
544 2493 719 2564 misit,
746 2492 1014 2568 jussitque
1042 2494 1098 2548 in
1130 2504 1251 2547 acta
1284 2494 1358 2548 ita
1386 2491 1593 2549 referri.

297 2594 586 2648 XXXVII.
622 2592 928 2670 Nepotatus
969 2592 1237 2649 sumtibus
1282 2594 1529 2648 omnium
1567 2592 1926 2672 prodigorum

222 2691 441 2768 ingenia
470 2693 771 2768 superavit,
795 2705 1135 2748 commentus
1163 2712 1369 2748 novum
1396 2691 1715 2749 balnearum
1743 2713 1926 2762 usum,

223 2791 690 2868 portentosissima
714 2811 912 2867 genera
941 2790 1188 2847 ciborum
1223 2803 1387 2868 atque
1411 2812 1685 2848 coenarum
1713 2814 1726 2849 ε
1753 2805 1816 2849 ut
1838 2814 1928 2851 ca-

225 2889 348 2946 lidis
373 2889 694 2967 frigidisque
718 2890 1012 2967 unguentis
1036 2887 1327 2963 lavaretur,
1349 2891 1759 2968 pretiosissimas
1783 2913 1928 2949 mar-

227 2990 427 3068 garitas
449 3002 601 3046 aceto
622 2988 938 3066 liquefactas
962 2989 1228 3060 sorberet,
1253 2990 1495 3047 convivis
1515 3011 1581 3046 ex
1605 3012 1740 3048 auro
1761 3012 1927 3069 panes

226 3102 280 3146 et
304 3091 543 3168 opsonia
581 3102 914 3167 apponeret,
948 3114 974 3142 «
1001 3102 1095 3146 aut
1129 3089 1272 3167 frugi
1302 3090 1583 3146 hominem
1617 3111 1731 3147 esse
1762 3112 1925 3169 opor-

230 3204 375 3262 tere,
411 3189 662 3245 dictitans
684 3231 699 3259 ,
740 3202 834 3246 aut
868 3191 1153 3246 Caesarem.
1182 3214 1207 3242 >³
1243 3190 1394 3262 Quin
1431 3202 1486 3246 et
1523 3210 1773 3247 nummos
1814 3212 1927 3249 non

232 3289 516 3347 mediocris
549 3309 775 3345 summae
806 3309 835 3344 e
874 3287 1089 3367 fastigio
1124 3288 1359 3346 basilicae
1391 3288 1544 3346 Juliae
1584 3310 1684 3368 per
1718 3290 1927 3369 aliquot
