2372 3918
1090 259 1317 303 GALBA.
2050 262 2074 306 3

338 367 506 424 stanti
545 365 741 423 vitium
782 364 1031 442 eorporis
1069 374 1282 419 secreto
1325 364 1502 441 posita
1551 378 1698 421 veste
1734 365 1964 439 detexit,
2007 390 2077 424 ne

339 468 495 547 quasi
541 468 791 547 ignaram
841 461 1030 521 fallere
1072 462 1368 521 videretur.
1420 466 1503 521 Ex
1546 465 1788 522 Achaica
1842 465 2044 525 liberos
2062 513 2079 540 ,

337 571 534 628 Caium
559 581 617 627 et
640 567 894 626 Servium
914 608 930 639 ,
959 566 1285 644 procreavit.
1317 566 1577 640 Quorum
1607 559 1785 644 major
1811 570 1978 625 Caius
2002 582 2080 626 at-

338 672 480 729 tritis
509 668 863 729 facultatibus
892 666 1048 724 Urbe
1079 667 1243 724 cessit
1280 689 1292 723 :
1333 666 1756 746 prohibitusque
1789 690 1822 726 a
1856 671 2079 728 Tiberio

337 772 524 829 sortiri
551 791 699 829 anno
725 789 826 826 suo
849 766 1304 847 proconsulatum
1321 811 1335 839 ,
1366 767 1681 826 voluntaria
1712 783 1891 828 morte
1922 772 2076 829 obiit.

414 874 512 931 IV.
549 873 702 929 Serv.
734 868 916 928 Galba
947 870 1270 947 imperator,
1303 872 1383 928 M.
1418 870 1642 928 Valerio
1672 870 1935 944 Messala,
1971 875 2075 931 Cn.

333 970 576 1031 Lentulo
610 968 964 1044 consulibuS,
997 982 1159 1027 natus
1192 983 1303 1044 est,
1335 992 1395 1028 ix
1425 970 1686 1029 kalendas
1713 972 1988 1049 januarii,
2020 975 2076 1030 in

333 1072 463 1131 villa
503 1071 634 1130 colli
676 1074 1058 1151 superposita,
1090 1092 1266 1151 prope
1305 1072 1696 1146 Terracinam,
1728 1073 2077 1131 sinistrorsus

331 1174 555 1232 Fundos
576 1174 909 1253 petentibus.
928 1172 1240 1252 Adoptatus
1266 1194 1298 1231 a
1323 1195 1559 1231 noverca
1585 1194 1712 1244 sua,
1735 1175 1957 1231 Livium
1978 1196 2080 1232 no-

332 1297 456 1334 men
493 1288 549 1334 et
575 1273 779 1334 Ocellae
810 1295 1117 1354 cognomen
1147 1276 1439 1347 assumsit,
1470 1288 1683 1332 mutato
1718 1278 2074 1354 praenomine.

333 1379 477 1436 Nam
502 1390 559 1435 et
582 1379 822 1436 Lucium
844 1398 973 1434 mox
993 1398 1096 1456 pro
1124 1377 1317 1434 Servio
1339 1398 1516 1454 usque
1542 1377 1613 1434 ad
1645 1390 1862 1456 tempus
1896 1379 2075 1456 impe-

295 1558 297 1561 ·
331 1481 400 1536 rii
425 1480 730 1558 usurpavit.
756 1480 1023 1552 Constat,
1046 1481 1357 1556 Augustum
1381 1499 1558 1556 puero
1584 1478 1792 1549 adhue,
1815 1478 2079 1537 salutanti

332 1601 391 1638 se
437 1582 582 1637 inter
621 1579 891 1658 aequales,
936 1580 1281 1658 apprehensa
1316 1578 1551 1637 buccula
1590 1580 1819 1651 dixisse,
1857 1588 1946 1638 καὶ
1985 1579 2074 1652 σύ,

331 1675 521 1754 τέκνον,
543 1680 634 1753 τ’ἧς
663 1678 833 1756 ἀρχῆς
860 1679 1012 1755 ἡμῶν
1035 1675 1366 1762 παρατρῶξῃ.
1391 1680 1500 1738 Sed
1522 1693 1573 1737 et
1594 1682 1877 1754 TiberiuS,
1902 1704 2076 1760 quum

331 1784 716 1861 comperisset,
744 1784 1147 1860 imperaturum
1171 1803 1325 1853 eum,
1357 1802 1552 1838 verum
1578 1784 1632 1837 in
1665 1796 1907 1856 senecta,
1934 1786 2077 1842 «Vi-

330 1895 422 1940 vat
451 1903 612 1956 sane,
634 1907 662 1936 »
692 1884 766 1939 ait
786 1927 801 1956 ,
831 1908 858 1936 «
882 1882 1106 1960 quando
1130 1883 1188 1939 id
1221 1882 1292 1939 ad
1323 1903 1423 1939 nos
1451 1881 1588 1938 nihil
1620 1869 1878 1961 pertinet.
1897 1908 1924 1936 »
1954 1888 2075 1941 Avo

328 2005 552 2062 quoque
586 1986 705 2062 ejus
740 1983 931 2063 fulgur
974 1984 1328 2062 procuranti,
1362 2005 1534 2061 quum
1565 1997 1689 2040 exta
1717 1980 1788 2040 de
1818 1985 2076 2041 manibus

331 2083 518 2162 aquila
553 2087 829 2163 rapuisset
849 2129 865 2158 ,
895 2099 951 2142 et
980 2086 1038 2141 in
1066 2084 1391 2164 frugiferam
1424 2107 1692 2163 quercum
1726 2086 2077 2158 contulisset,

330 2205 655 2262 responsum
696 2199 811 2259 est,
853 2207 1165 2258 summum,
1209 2186 1304 2243 sed
1346 2208 1559 2260 serum,
1598 2188 1891 2266 imperium
1944 2209 2076 2266 por-

335 2285 488 2343 tendi
518 2285 754 2342 familiae.
784 2289 858 2342 Et
889 2285 979 2342 ille
1007 2286 1272 2359 irridens,
1304 2312 1331 2341 «
1352 2290 1525 2358 Sane,
1548 2312 1575 2341 >›
1605 2288 1820 2365 inquit,
1851 2313 1879 2342 α
1903 2311 2076 2367 quum

334 2385 487 2443 mula
515 2387 809 2465 pepererit.
829 2411 858 2439 »
887 2385 1041 2444 Nihil
1080 2407 1234 2464 aeque
1270 2399 1462 2464 postea
1500 2387 1739 2445 Galbam
1772 2401 2074 2447 tentantem

333 2508 422 2544 res
463 2507 634 2544 novas
671 2487 1053 2560 confirmavit,
1093 2509 1261 2565 quam
1298 2486 1464 2544 mulae
1505 2501 1697 2567 partus
1729 2510 1741 2544 ε
1775 2490 2078 2566 ceterisque

333 2601 398 2645 ut
430 2588 750 2646 obscoenum
776 2600 1055 2646 ostentum
1092 2589 1521 2646 abhorrentibus
1541 2633 1556 2662 ,
1591 2588 1739 2646 solus
1777 2609 1878 2666 pro
1913 2589 2077 2647 laetis-

334 2690 473 2746 simo
506 2690 751 2768 accepit,
782 2710 995 2746 memor
1032 2689 1318 2762 sacrificii,
1349 2689 1592 2768 dictique
1623 2691 1729 2747 avi.
1764 2692 1960 2748 Sumta
1995 2693 2077 2747 vi-

333 2789 424 2847 rili
454 2803 583 2869 toga
606 2834 622 2864 ,
653 2791 946 2848 somniavit
971 2793 1277 2848 Fortunam.
1309 2790 1582 2848 dicentem
1600 2835 1616 2863 ,
1646 2816 1673 2844 «
1693 2804 1839 2848 stare
1870 2812 1927 2847 se
1949 2805 2077 2848 ante

334 2893 480 2949 fores
509 2891 805 2964 defessam,
833 2904 918 2962 et,
955 2891 1059 2948 nisi
1088 2892 1241 2949 ocius
1271 2892 1625 2970 reciperetur,
1644 2894 1959 2970 cuicunque
1983 2893 2079 2948 ob-

334 2994 426 3050 vio
453 2993 652 3072 praedae
685 2992 946 3050 futuram.
971 3017 997 3046 »
1025 2995 1215 3070 thue
1238 2991 1555 3071 evigilavit,
1585 3006 1777 3072 aperto
1800 2995 1942 3049 atrio
1962 3037 1977 3062 ‚
2010 2995 2080 3049 si-

333 3093 644 3152 mulacrum
690 3114 898 3152 aeneum
955 3092 1100 3168 deae,
1153 3092 1381 3151 cubitali
1431 3095 1606 3172 majus
1633 3138 1648 3166 ,
1695 3094 1853 3171 juxta
1907 3093 2078 3151 limen

335 3197 545 3253 invenit
579 3219 590 3252 :
625 3195 789 3274 idque
821 3197 1029 3275 gremio
1059 3215 1160 3255 suo
1185 3193 1520 3267 Tusculum,
1552 3194 1646 3252 ubi
1673 3196 1919 3252 ae'stivare
1949 3216 2073 3252 con·

336 3308 553 3369 suerat,
600 3298 809 3364 avexit,
851 3308 905 3353 et
947 3297 1001 3354 in
1043 3308 1201 3376 parte
1238 3296 1434 3353 aedium
1481 3308 1888 3353 consecratum.
1931 3316 2077 3352 men-

1792 3419 1832 3453 1.
