2372 3918
331 288 348 318 1
360 272 419 326 34
1001 272 1051 316 C.
1089 269 1379 316 SUETONII

325 376 619 446 Libonem,
656 396 724 431 ne
760 375 895 453 quid
924 375 980 430 in
1011 375 1255 431 novitate
1284 373 1530 430 acerbius
1568 372 1723 429 fieret
1744 415 1759 445 ‚
1799 372 2039 430 secundo

327 473 547 531 demum
579 495 724 531 anno
758 475 814 531 in
842 487 1033 531 senatu
1062 475 1341 552 coarguit,
1374 472 1554 530 medio
1577 473 1839 550 temporis
1863 474 2039 549 spatio

327 587 539 631 tantum
569 595 759 632 cavere
783 584 1092 631 contentus
1119 574 1264 630 Nam
1295 585 1351 629 et
1380 574 1523 629 inter
1560 571 1846 651 pontifices
1875 572 2042 629 sacri·

328 676 512 734 ficanti
536 675 697 734 simul
729 697 831 753 pro
861 675 1123 752 secespita
1148 673 1466 751 plumbeum
1490 671 1730 730 cultrum
1758 673 2045 750 subjicien-

328 775 461 833 dum
498 776 712 833 curavit
749 796 762 830 ε
801 786 855 831 et
901 786 1169 830 secretum
1217 774 1462 851 petenti,
1509 794 1621 830 non
1660 773 1763 828 nisi
1796 770 2042 828 adhibito

327 878 512 932 Druso
538 874 684 948 filio,
713 873 862 931 dedit
888 895 900 930 :
926 873 1282 950 dextramque
1311 872 1741 945 obambulantiS,
1766 870 1937 928 veluti
1961 871 2046 927 in-

329 977 618 1049 cumbens,
647 975 830 1052 quoad
866 986 1218 1052 perageretur
1247 994 1454 1045 serm0,
1487 974 1775 1030 continuit.

407 1079 611 1134 XXVI.
642 1079 849 1147 Verum
884 1074 1144 1131 liberatus
1172 1085 1354 1147 meta,
1390 1072 1603 1130 civilem
1633 1073 1930 1130 admodum
1962 1074 2046 1128 in-

331 1188 414 1232 ter
446 1176 602 1232 initia
620 1220 636 1249 ,
671 1197 734 1232 ac
762 1174 927 1252 paulo
956 1176 1138 1230 minus
1165 1195 1330 1250 quam
1357 1174 1631 1251 privatum
1661 1175 1787 1250 egit.
1816 1176 1898 1230 Ex
1923 1171 2045 1250 plu-

331 1276 482 1331 rimis
511 1276 868 1351 maximisque
901 1274 1203 1330 honoribus
1219 1318 1234 1345 ,
1268 1285 1464 1350 praeter
1490 1294 1694 1350 paucos
1718 1285 1773 1328 et
1799 1272 2045 1328 modicos

332 1395 443 1430 non
485 1375 707 1451 recepit.
748 1372 1001 1430 Natalem
1038 1395 1228 1444 suum,
1267 1371 1492 1449 plebeiis
1523 1374 1893 1428 incurrentem
1924 1372 2046 1428 Cir-

334 1474 583 1529 censibus
601 1517 616 1546 ,
641 1474 734 1529 vix
760 1474 922 1529 unius
949 1474 1087 1550 bigae
1115 1472 1418 1550 adjectione
1445 1472 1705 1527 honorari
1735 1492 1924 1548 passus
1947 1482 2043 1527 est.

332 1571 588 1652 Templa,
631 1572 910 1649 flamines,
947 1573 1253 1632 sacerdotes
1306 1572 1525 1629 decerni
1570 1572 1671 1628 sibi
1714 1572 1997 1649 prohibuit
2031 1592 2044 1626 ε

333 1675 497 1730 etiam
524 1686 726 1732 statuas
754 1688 917 1752 atque
946 1678 1232 1755 imagines,
1266 1674 1367 1729 nisi
1390 1674 1741 1751 permittente
1763 1693 1843 1743 se,
1873 1674 2005 1750 poni
2032 1695 2045 1727 ε

334 1775 687 1852 permisitque
711 1798 773 1832 ea
801 1775 916 1832 sola
944 1776 1286 1851 conditione,
1319 1795 1388 1834 ne
1417 1775 1561 1832 inter
1589 1773 1877 1830 simulacra
1905 1777 2050 1831 Deo·

335 1895 459 1930 rum
478 1920 493 1946 ,
521 1875 615 1931 sed
642 1878 783 1932 inter
809 1890 1135 1934 ornamenta
1159 1879 1383 1951 aedium,
1411 1887 1763 1955 ponerentur.
1791 1877 2050 1931 Interces-

336 1974 405 2029 sit
448 1987 524 2047 et,
564 1997 674 2052 quo
716 1979 895 2033 minus
940 1964 996 2033 in
1040 1992 1158 2035 acta
1196 2000 1292 2034 sua
1324 1979 1629 2056 juraretur,
1663 1989 1717 2033 et
1749 1999 1818 2033 ne
1847 1975 2047 2032 mensis

336 2075 663 2150 september,
686 2077 963 2149 Tiberius3
985 2079 1228 2150 october,
1253 2080 1444 2135 Livius
1469 2089 1812 2134 vocarentur.
1832 2080 2050 2133 Praeno-

335 2195 458 2230 men
483 2195 700 2252 quoque
723 2197 1135 2253 IMPERAToms,
1152 2201 1565 2257 cognomenque
1588 2199 1788 2236 PATRIS
1802 2198 2047 2250 PATRIAE,

337 2285 390 2328 et
422 2276 650 2331 civicam
692 2278 748 2332 in
795 2279 1058 2336 vestibulo
1094 2302 1354 2338 coronam
1386 2283 1674 2338 recusavit.
1717 2283 1795 2338 Ac
1834 2302 1902 2336 ne
1941 2300 2049 2337 AU-

336 2394 498 2431 GusTr
535 2377 757 2452 quidem
795 2400 1021 2454 nomen,
1059 2402 1394 2457 quamquam
1433 2380 1855 2451 hereditarium,
1887 2378 2046 2449 ullis,

336 2474 438 2531 nisi
471 2475 539 2532 ad
569 2499 720 2555 reges
753 2500 816 2535 ac
849 2479 1124 2557 dynastaS,
1153 2480 1392 2558 epistolis
1422 2479 1648 2536 addidit.
1674 2482 1789 2538 Nec
1815 2478 2047 2556 amplius

337 2594 502 2648 quam
535 2597 662 2632 mox
702 2590 813 2633 tres
852 2577 1199 2652 consulatus,
1232 2601 1404 2635 unum
1440 2581 1629 2657 paucis
1663 2579 1877 2652 diebus,
1911 2578 2047 2635 alte-

338 2692 461 2727 rum
484 2674 659 2742 tribus
677 2677 975 2751 mensibus,
1002 2681 1226 2735 tertium
1250 2681 1440 2736 absens
1457 2700 1631 2756 usque
1652 2681 1708 2735 in
1733 2679 1854 2736 idus
1879 2680 2046 2736 maias

336 2783 516 2847 gessit.

414 2875 647 2930 XXVII.
682 2875 1039 2934 Adulationes
1069 2879 1204 2935 adeo
1233 2893 1510 2937 aversatus
1541 2893 1648 2954 est,
1680 2894 1742 2938 ut
1770 2883 2044 2938 neminem

335 2983 680 3045 senatorum,
727 2989 822 3032 aut
871 2978 1036 3034 officii
1082 2991 1176 3035 aut
1223 2982 1425 3057 negotii
1474 3003 1664 3054 causa,
1701 2982 1768 3038 ad
1802 2982 2043 3039 lecticam

336 3090 489 3126 suam
517 3073 821 3146 admiserit3
850 3078 1188 3134 consularem
1216 3100 1344 3135 vero
1375 3081 1789 3138 satisfacientem
1821 3082 1921 3138 sibi
1939 3125 1954 3154 ,
1982 3103 2044 3138 ac

323 3190 432 3246 ,per
472 3193 648 3250 genua
693 3197 852 3233 orare
881 3191 1200 3250 conantem,
1246 3180 1321 3235 ita
1364 3181 1679 3259 suffugerit,
1724 3195 1786 3238 ut
1829 3183 2044 3239 caderet

333 3273 556 3346 supinus
590 3297 602 3329 ε
635 3287 798 3353 atque
827 3279 1023 3348 etiam,
1055 3280 1098 3335 si
1129 3281 1263 3356 quid
1292 3283 1348 3337 in
1378 3303 1657 3352 sermone,
1691 3281 1776 3338 vel
1816 3285 1870 3339 in
1913 3304 2043 3339 con-
