2372 3918
817 249 1120 297 ocnvws
1155 248 1489 295 Ancus‘rns.
1931 268 1986 312 91

294 352 565 431 sepsitque
603 355 823 431 insuper
862 351 1110 410 custodia
1152 351 1404 410 militum.
1440 353 1598 410 Cavit
1638 355 1801 411 etiam
1840 375 1994 412 sena-

294 452 664 528 tusconsulto,
694 464 756 511 ut
787 452 975 510 eodem
1009 451 1113 511 loci
1144 452 1203 510 in
1233 463 1560 531 perpetuum
1591 455 1995 525 contineretur3

290 564 455 631 atque
489 553 557 611 ad
591 570 808 612 omnem
844 565 902 612 et
933 553 1052 632 ejus
1084 565 1140 611 et
1171 551 1439 612 Iuliarum
1477 553 1807 611 mentionem
1845 555 1996 633 inge-

294 653 545 726 miscens,
571 651 909 731 proclamare
939 655 1101 712 etiam
1135 652 1365 728 solebat,

380 807 488 901 Α’ίῧῖ
508 808 667 873 'bomar
693 810 891 877 ἄγαμός
917 811 964 861 τ’
989 809 1179 871 ἴμεναι,
1209 810 1379 878 ἄγονός
1402 814 1452 861 τ’
1476 808 1773 862 ἀπολέσθαι·

289 978 390 1015 nec
415 956 571 1015 aliter
591 978 682 1016 eos
706 957 1002 1037 appellare,
1023 979 1190 1036 quam
1211 971 1321 1016 tres
1342 959 1602 1033 vomicas,
1631 970 1728 1016 aut
1754 959 1855 1016 tria
1884 980 2000 1015 car-

290 1058 560 1115 cinomata
588 1079 702 1116 sua.

364 1160 563 1216 LXVI.
606 1161 886 1218 Amicitias
918 1182 1094 1239 neque
1126 1160 1284 1219 facile
1314 1161 1562 1234 admisit,
1591 1172 1647 1218 et
1672 1162 2000 1218 constantis-

288 1258 420 1333 sime
452 1260 707 1332 retinuit;
742 1282 855 1318 non
888 1273 1104 1319 tantum
1143 1261 1373 1319 virtutes
1410 1282 1473 1318 ac
1505 1261 1697 1318 merita
1736 1261 2002 1338 cujusque

288 1357 451 1435 digne
477 1372 830 1437 prosecutuS,
861 1361 954 1419 sed
982 1363 1115 1419 vitia
1143 1382 1363 1439 quoque
1394 1374 1449 1421 et
1474 1360 1702 1437 delicta,
1735 1361 2003 1417 duntaxat

290 1459 528 1528 modica,
556 1481 859 1539 perpessus.
887 1464 1082 1540 Neque
1102 1465 1247 1520 enim
1273 1475 1475 1520 temere
1501 1482 1567 1518 ex
1593 1462 1744 1518 omni
1773 1482 2003 1518 numero

290 1558 349 1614 in
378 1560 615 1616 amicitia
647 1561 764 1639 ejus
797 1561 981 1619 afflicti
1009 1563 1376 1640 reperientur,
1404 1574 1601 1640 praeter
1629 1560 2001 1619 Salvidienum

292 1659 526 1733 Rufum,
553 1681 719 1736 quem
748 1661 818 1717 ad
843 1660 1189 1718 consulatum
1218 1682 1415 1739 usque,
1442 1675 1497 1717 et
1521 1660 1839 1718 Cornelium
1869 1661 2003 1719 Gal-

290 1757 430 1832 lum,
453 1752 615 1836 quem
640 1760 710 1816 ad
736 1760 1115 1838 praefecturam
1138 1762 1384 1840 AEgypti,
1407 1782 1471 1818 ex
1496 1760 1683 1816 infima
1705 1772 2005 1838 utrumque

291 1859 514 1917 fortuna
535 1873 874 1937 provexerat.
901 1863 1157 1935 Quorum
1181 1861 1440 1935 alterum,
1468 1882 1554 1918 res
1582 1881 1751 1917 novas
1779 1859 2006 1918 molien-

288 1970 423 2032 tem,
464 1959 833 2019 damnandum
867 1964 1079 2019 senatui
1108 1963 1335 2020 tradidit
1363 1983 1376 2018 ε
1411 1961 1595 2034 alteri,
1624 1962 1696 2018 ob
1723 1960 2003 2040 ingratum

289 2073 344 2118 et
385 2059 713 2120 malevolum
747 2063 1020 2137 animum,
1061 2063 1225 2121 domo
1263 2076 1318 2121 et
1354 2064 1651 2142 provinciis
1687 2062 1799 2119 suis
1839 2062 2008 2118 inter-

291 2162 447 2219 dixit.
482 2162 589 2220 Sed
621 2162 784 2221 Gallo
816 2184 1037 2241 quoque
1069 2176 1124 2220 et
1156 2177 1538 2220 accusatorum
1570 2162 2007 2220 denunciationi-

289 2263 395 2319 bus
440 2275 494 2320 et
535 2264 1015 2325 senatusconsultis
1064 2263 1133 2321 ad
1184 2285 1371 2321 necem
1413 2261 1723 2342 compulso,
1763 2261 2009 2319 laudavit

291 2363 512 2440 quidem
541 2364 799 2440 pietatem
825 2375 980 2421 tanto
1007 2385 1170 2442 opere
1194 2386 1297 2443 pro
1325 2386 1381 2421 se
1407 2363 1842 2442 indignantium3
1870 2376 2009 2421 cete-

290 2484 416 2521 rum
462 2476 517 2521 et
559 2462 951 2542 illacrymavit,
994 2477 1049 2521 et
1095 2466 1268 2522 vicem
1317 2486 1470 2521 suam
1518 2476 1852 2542 conquestus
1894 2476 2007 2536 est,

292 2587 320 2617 α
342 2563 491 2640 quod
531 2565 634 2621 sibi
675 2563 776 2622 soli
821 2586 934 2624 non
973 2563 1196 2636 liceret,
1235 2565 1455 2638 amiciS,
1500 2577 1769 2642 quatenus
1813 2562 2010 2637 vellet,

293 2664 468 2720 irasci.
487 2687 514 2717 ι)
541 2663 759 2742 Reliqui
787 2666 1031 2743 potentia
1058 2678 1223 2743 atque
1250 2665 1446 2743 opibus
1474 2663 1543 2722 ad
1570 2664 1736 2722 finem
1771 2665 1895 2722 vitae
1924 2665 2009 2722 sui

294 2763 561 2840 'cujusque
609 2763 816 2820 ordinis
861 2766 1134 2842 principes
1182 2764 1522 2837 floruerunt,
1573 2784 1907 2842 quamquam
1955 2775 2011 2820 et

295 2863 517 2921 offensis
539 2864 1040 2921 intervenientibus.
1060 2863 1406 2922 Desideravit
1419 2865 1565 2921 enim
1583 2884 1980 2941 nonnunquam
1992 2906 2009 2937 ,

296 2986 366 3021 ne
401 2964 468 3021 de
503 2963 754 3042 pluribus
791 2963 1048 3036 referam,
1084 2976 1140 3020 et
1170 2965 1250 3020 Μ.
1283 2965 1538 3042 Agrippae
1568 2964 1918 3042 patientiam,
1953 2975 2010 3019 et

294 3065 608 3121 Maecenatis
635 3065 1089 3136 taciturnitatem,
1115 3084 1287 3140 quum
1318 3062 1408 3119 ille
1436 3084 1500 3118 ex
1531 3062 1635 3119 levi
1662 3062 1855 3140 rigoris
1885 3082 2006 3118 sus-

296 3165 533 3241 picione,
566 3176 621 3220 et
651 3164 801 3241 quod
828 3162 1123 3222 Marcellus
1161 3163 1262 3219 sibi
1296 3162 1680 3234 anteferretur,
1714 3159 2006 3239 Mytilenas

298 3284 380 3337 se,
411 3264 611 3321 relictis
644 3265 927 3336 omnibus,
961 3263 1302 3335 contulisset3
1337 3264 1425 3319 hic
1460 3275 1728 3320 secretum
1764 3261 1830 3318 (le
1861 3283 2006 3318 com-
