2372 3918
376 295 466 324 229.
1159 284 1349 330 NOTAE

439 382 709 439 Assurgere.
735 378 855 434 Dio,
884 395 982 424 Lvu
1000 416 1011 437 ,
1035 396 1082 441 p.
1109 380 1205 443 609
1233 399 1243 427 :
1271 391 1370 439 Τούς
1392 407 1437 432 τε
1464 373 1527 433 ἀίὶ
1552 391 1750 449 ἄρχοντας
1773 393 1822 441 ὡς
1846 393 1883 435 ἐν
1909 389 2115 453 δημοκρα-

373 463 444 520 τίᾳ
478 464 623 521 ἐτίμα,
651 463 723 507 καὶ
744 466 828 513 τοῖς
853 464 1024 514 ὑπάτοις
1052 464 1124 509 καὶ
1150 468 1424 511 ὑπανίστατο.

438 534 547 580 Cn.
586 535 800 580 XXXII.
835 536 911 580 De
938 536 1206 583 tribuendis.
1236 537 1413 596 Tacit.,
1460 539 1632 583 Annal.
1659 571 1677 595 ,
1715 555 1801 596 111,
1840 554 1896 586 21
1941 557 1953 585 ε
1997 562 2016 582 a
2048 543 2119 588 Eo

371 610 543 671 proelio
576 611 731 657 Rufus
754 612 974 672 Helvius,
997 614 1240 676 gregarius
1254 615 1411 673 miles,
1437 615 1609 661 servati
1633 616 1746 663 civis
1771 616 1914 664 decus
1936 619 2121 678 retulit3

373 688 674 750 donatusque
706 698 775 735 est
798 690 860 735 ab
888 691 1103 751 Apronio
1138 692 1391 754 torquibus
1426 702 1473 739 et
1497 694 1641 739 hasta.
1671 696 1823 741 Caesar
1841 695 2027 743 addidit
2048 698 2121 743 ci-

372 765 524 810 vicam
559 782 809 825 coronam,
835 768 971 829 quod
999 783 1101 814 non
1123 785 1228 815 eam
1261 787 1460 832 quoque
1481 771 1751 831 Apronius,
1772 773 1883 832 jure
1905 790 2122 835 procon-

373 843 509 902 sulis,
533 843 800 902 tribuisset,
819 854 1013 906 questus
1035 846 1183 908 magis
1208 862 1352 908 quam
1377 848 1603 895 offensus,
1631 868 1651 890 υ

442 920 761 966 Memorandi.
785 923 858 967 De
881 922 961 967 illa
978 921 1174 984 antiqua
1200 926 1545 972 consuetudine
1569 925 1666 972 Cic.
1683 927 1743 971 de
1766 926 1896 984 Fin.‚
1922 942 1965 971 11
1979 961 1993 986 ,
2021 942 2081 972 22
2108 942 2121 992 ².

376 1015 395 1036 «
420 997 504 1043 Est
528 996 653 1043 enim
678 996 766 1042 tibi
794 997 1107 1058 edicendum,
1125 1017 1231 1061 quae
1254 1001 1316 1048 sis
1339 1002 1677 1049 observaturus
1700 1003 1751 1049 in
1764 1004 1873 1063 jure
1896 1003 2124 1063 dicend03

301 1061 310 1071 ’
375 1081 421 1118 et
450 1074 650 1120 fortasse
678 1074 817 1120 etiam
831 1111 844 1134 ,
869 1076 907 1122 si
931 1076 1019 1121 tibi
1042 1078 1134 1124 erit
1152 1078 1334 1138 visum,
1353 1078 1548 1141 'aliquid
1579 1080 1641 1126 de
1664 1080 1929 1141 majoribus
1954 1082 2050 1127 tuis
2076 1089 2125 1127 et

375 1161 421 1195 et
453 1152 511 1197 de
535 1152 709 1212 teipso
736 1153 891 1212 dices,
923 1171 1058 1201 more
1090 1155 1346 1215 majorum.
1366 1176 1385 1196 u

445 1230 649 1275 Remisit.
676 1230 771 1275 Dio
789 1265 803 1289 ,
827 1246 966 1288 LVII,
998 1247 1045 1292 p.
1079 1231 1175 1278 603
1201 1249 1216 1278 :
1244 1230 1406 1287 ἐπειδή
1436 1257 1541 1284 ποτε
1565 1242 1600 1284 οἱ
1632 1232 1799 1286 Ῐὶωὸίων
1827 1243 2018 1301 ἄρχοντες
2039 1243 2127 1285 ἐπι·

375 1313 607 1362 στείλαντές
629 1331 670 1356 τι
694 1316 805 1372 αὐτῷ
822 1348 834 1367 ,
862 1316 934 1371 οὐχ
959 1316 1199 1374 ὑπέγραψαν
1232 1323 1285 1375 τῇ
1315 1319 1510 1377 ἐπιστολῇ
1543 1323 1663 1362 τοῦτο
1698 1315 1753 1367 δὴ
1777 1320 1823 1362 τὸ
1853 1321 2126 1379 νομιζόμενον,

377 1390 494 1446 εὐχὰς
516 1392 627 1448 αὐτῷ
651 1393 894 1449 ποιούμενοι·
921 1394 1216 1452 μετεπέμψατο
1245 1395 1317 1453 μὲν
1344 1391 1534 1454 σπουδῇ,
1564 1397 1612 1445 ὡς
1633 1395 1705 1439 καὶ
1728 1398 1853 1440 κακόν
1877 1415 1918 1440 τι
1943 1393 2125 1456 δράσων,

376 1468 560 1517 ἐλθόντας
593 1464 644 1510 δὲ
683 1465 799 1511 οὐδὲν
842 1464 972 1511 δεινὸν
1015 1471 1256 1528 εἰργάσατο,
1286 1472 1375 1515 ἀλλ’
1407 1472 1727 1531 ὑπογράψαντας
1759 1475 1806 1517 τὸ
1839 1470 1975 1518 ἐνδέον
2024 1475 2127 1518 ἀπε-

376 1544 526 1601 πέμψε.
553 1537 835 1597 Cujusmodi
856 1537 1002 1584 fuerit
1028 1541 1317 1602 subscriptio
1350 1542 1601 1604 saepissime
1624 1543 1797 1590 usitata
1819 1543 1961 1590 docet
1981 1543 2127 1604 Plin.,

375 1616 530 1675 Epist.
546 1649 560 1670 ,
588 1631 646 1673 x,
678 1632 696 1661 1
727 1632 740 1661 ε
766 1636 786 1657 κ
810 1617 1003 1662 Fortem
1027 1625 1073 1664 te
1099 1626 1147 1664 et
1169 1619 1393 1679 hilarem,
1422 1620 1686 1682 imperator
1712 1621 1915 1682 optime,
1939 1629 1986 1667 et
2017 1620 2127 1683 pri-

375 1693 520 1739 vatim
545 1702 592 1740 et
626 1694 819 1754 publice
847 1702 981 1755 opto.
1013 1715 1033 1737 »
1065 1696 1137 1742 Cf.
1163 1698 1400 1756 Bmsson,
1424 1700 1486 1744 de
1508 1700 1712 1743 For-mul.
1730 1732 1747 1754 ‚
1770 1715 1820 1760 p.
1847 1699 1959 1753 324.

446 1771 676 1816 Sabbatis.
714 1773 904 1818 Nomen
939 1786 1056 1834 ergo
1089 1773 1276 1820 sabbati
1308 1789 1336 1819 a
1360 1774 1536 1821 Judaeis
1561 1774 1624 1821 ad
1647 1776 1892 1822 Romanos
1911 1774 2008 1835 jam
2039 1790 2127 1819 ve-

374 1848 497 1893 nisse
525 1857 724 1895 constat.

444 1927 745 1973 Proesidibus.
778 1927 966 1974 AEmilio
991 1929 1170 1986 Recto,
1195 1929 1391 1991 AEgypti
1415 1929 1627 1989 praesidi,
1661 1930 1893 1989 majorem
1915 1928 2127 1992 pecuniae

376 2019 608 2049 summam
642 2020 702 2050 ex
741 2007 955 2068 AEgypto
1001 2004 1236 2065 mittenti,
1276 2006 1570 2067 rescripsisse
1618 2006 1787 2052 dicunt
1831 2006 1926 2053 Dio
1943 2041 1956 2065 ‚
1997 2022 2098 2052 ινιτ
2113 2049 2128 2073 ‚

374 2096 421 2140 p.
460 2081 584 2138 608,
623 2090 668 2127 et
694 2084 890 2140 Zonar.,
919 2084 1122 2138 AnnaL,
1158 2099 1225 2140 11,
1247 2099 1296 2144 p.
1327 2099 1422 2142 17²
1451 2099 1463 2129 ε
1499 2080 1578 2134 ὁτι
1601 2091 1807 2149 κείρεσθαί
1835 2108 1911 2149 μου
1945 2090 2001 2133 τὰ
2030 2090 2127 2147 πρό-

377 2162 511 2217 Gara,
547 2166 633 2207 ἀλλ’
665 2169 735 2208 οὐκ
767 2166 1038 2224 ἀποξύρεσθαι
1064 2165 1275 2225 ῧούλομαι.

444 2236 554 2281 CA».
594 2237 835 2282 XXXIII.
883 2236 1093 2282 Varium.
1126 2237 1234 2282 Scil.
1273 2254 1402 2283 nunc
1442 2238 1705 2301 benignum
1735 2247 1782 2284 et
1819 2240 2126 2296 clementem,

374 2329 503 2357 nunc
526 2328 700 2358 saevum
724 2322 773 2359 et
799 2313 1042 2360 immitem.

443 2394 501 2435 In
526 2400 670 2452 parte
685 2392 903 2453 primori.
939 2392 998 2437 H.
1024 2407 1062 2442 e.
1088 2393 1138 2438 in
1162 2392 1414 2439 tribunalis
1446 2410 1624 2451 cornu,
1654 2409 1714 2439 ex
1736 2393 1887 2440 Tacit.
1913 2396 2090 2440 Annal.
2108 2428 2123 2449 ,

375 2485 417 2525 1,
444 2485 569 2514 Lxxv
604 2485 616 2514 ε
655 2490 674 2510 «
700 2471 798 2515 Nec
827 2477 1021 2530 patrum
1052 2470 1409 2532 cognitionibus
1433 2471 1654 2528 satiatus,
1675 2470 1868 2531 judiciis
1891 2471 2127 2518 assidebat

375 2546 426 2590 in
457 2562 611 2592 cornu
637 2547 913 2606 tribunalis,
936 2563 997 2593 ne
1019 2557 1271 2608 praetorem
1297 2549 1452 2594 curuli
1477 2549 1787 2609 depelleret.»

443 2624 489 2668 E
510 2626 685 2684 plano.
713 2624 824 2671 scil.
861 2641 888 2670 e
912 2627 1015 2670 loco
1051 2640 1144 2670 non
1179 2626 1336 2680 edito,
1373 2641 1455 2671 seu
1493 2625 1620 2671 inter
1660 2625 1873 2687 reliquos
1903 2626 2124 2686 judices:

377 2701 643 2761 opponitur
665 2718 693 2747 e
713 2703 962 2764 quoestoris
987 2702 1226 2748 tribunali.

446 2778 713 2839 Religionis.
753 2780 1000 2840 Namque,
1046 2795 1106 2826 ex
1144 2782 1319 2827 Ascon.
1360 2783 1408 2826 in
1451 2782 1569 2836 Cic„
1599 2796 1646 2842 p.
1677 2780 1776 2838 48,
1804 2779 2031 2839 jurabant
2076 2781 2125 2826 in

344 2899 347 2904 ,
376 2856 502 2917 leges
522 2854 733 2914 judices,
758 2864 814 2900 ut
845 2855 1061 2902 obstricti
1087 2858 1312 2918 religione
1333 2857 1619 2918 judicarent.
1647 2857 1791 2915 Cod.,
1828 2872 1919 2915 111,
1957 2873 2005 2916 1,
2047 2865 2074 2912 4
2112 2874 2123 2902 :

377 2952 397 2972 «
416 2932 504 2978 Cui
547 2948 648 2978 non
689 2942 759 2979 est
798 2933 1042 2997 cognitum
1070 2934 1296 2996 antiquos
1330 2936 1516 2995 judices
1547 2951 1648 2981 non
1681 2934 1816 2979 aliter
1852 2934 2123 2993 judicialem

377 3009 609 3055 calculum
646 3010 878 3071 accepisse
895 3045 909 3069 ,
953 3010 1044 3056 nisi
1083 3011 1218 3072 prius
1251 3012 1572 3072 juramentum
1603 3011 1925 3073 praestitissent
1966 3012 2123 3058 omni-

376 3085 524 3131 modo
547 3102 595 3132 se
619 3103 725 3133 cum
747 3088 945 3134 veritate
970 3097 1015 3133 et
1040 3090 1198 3151 legum
1224 3090 1556 3136 observatione
1578 3089 1812 3150 judicium
1844 3105 1941 3135 esse
1964 3090 2124 3150 dispo-

378 3162 585 3209 situros?
601 3185 623 3206 n

446 3241 556 3287 Cn.
590 3243 823 3289 XXXIV.
869 3243 1111 3306 Corripuit.
1146 3244 1415 3303 Contraxit,
1446 3244 1706 3302 imminuit,
1743 3253 1964 3291 monente
1994 3246 2122 3288 Tor-

379 3317 550 3363 rentio.
