2372 3918
735 376 800 425 LN
842 375 982 420 oc'r.
1021 373 1397 419 AUGUSTUM.
1861 390 1876 418 ,
1892 390 1950 431 77

269 472 540 517 Contulerit.
569 472 628 517 A.
653 473 712 519 U.
741 470 851 529 725.
1725 496 1737 509 ·

268 549 595 596 eun-XXXI.
621 548 824 594 For-ulis.
852 549 910 594 H.
936 562 976 592 e.
1001 546 1206 607 capsulis
1227 547 1276 591 in
1304 546 1483 608 quibus
1501 546 1611 592 libri
1636 558 1958 608 reponuntur,

199 637 253 672 ut
275 629 476 686 Juven.,
505 643 601 684 111,
630 642 727 689 219
761 642 772 670 :
1463 635 1465 637 ·

379 787 453 828 Hic
470 787 595 829 libros
617 785 729 828 dabit
747 794 788 827 et
806 785 969 828 sonum.
994 817 1005 827 .
1030 816 1042 827 .
1066 815 1078 827 .

268 942 397 987 Bas-i.
430 941 538 988 Scil.
565 941 655 987 sub
677 937 915 1001 Apollinis
950 947 1121 985 statua.

275 1019 571 1065 ordinatum.
604 1017 732 1064 Vide
758 1016 879 1064 Coes.
894 1051 909 1073 ,
935 1031 1066 1078 sup.,
1098 1030 1173 1062 Lx.

270 1095 514 1142 Sextilem.
539 1094 783 1153 Macrob.,
807 1095 987 1142 Satura.
1018 1110 1065 1150 1,
1110 1108 1162 1138 ιο.
1190 1109 1201 1137 z
1228 1094 1503 1155 «Augustus
1537 1093 1714 1141 deinde
1747 1104 1816 1142 est
1831 1131 1845 1154 ‚
1879 1098 1963 1158 qui

200 1172 378 1220 sextilis
401 1182 510 1221 ante
531 1182 732 1220 vocatus
757 1168 828 1220 est
843 1207 859 1229 ,
891 1171 1048 1218 donec
1073 1169 1252 1216 honori
1277 1171 1478 1234 Augusti
1503 1170 1702 1218 daretur
1728 1189 1789 1219 ex
1821 1188 1964 1219 sena—

201 1252 511 1298 msconsulto.
538 1273 558 1294 υ

273 1342 316 1384 V
315 1341 506 1387 icton'oe.
531 1340 652 1400 Die,
677 1356 760 1398 LV,
783 1355 832 1401 p.
860 1337 955 1387 552
983 1355 994 1384 :
1019 1345 1109 1390 Καὶ
1131 1347 1200 1390 τὸν
1226 1351 1339 1405 μῆνα
1361 1347 1430 1389 τὸν
1460 1345 1662 1398 Σεξτίλιον
1698 1348 1966 1405 ἐπικαλούμε-

203 1443 268 1469 νον
291 1427 527 1485 Αὔγουστον
569 1427 852 1484 ἀντωνόμοισε.
885 1429 974 1467 Τῶν
1007 1424 1086 1484 γὰρ
1112 1424 1244 1469 ἄλλων
1275 1424 1343 1467 τὸν
1370 1420 1651 1482 Σεπτὲμῧριον
1688 1425 1833 1477 οὕτως,
1858 1427 1967 1470 ἐπει-

205 1499 351 1561 δήπερ
365 1505 403 1546 ἐν
426 1505 539 1563 αὐτῷ
566 1503 825 1563 ἐγεγέννητο,
846 1506 1177 1562 προσαγορεῦσαι
1201 1502 1477 1549 ἐθελησάντων
1491 1535 1503 1555 ,
1532 1503 1679 1545 ἐκεῖνον
1706 1502 1827 1553 αὐτὸς
1849 1519 1970 1562 προι-

199 1582 397 1639 τὶμησεν,
415 1582 478 1624 ὅτι
509 1581 582 1625 καὶ
596 1583 752 1630 ὕπατος
777 1581 815 1623 ἐν
842 1581 956 1640 αὐτῷ
979 1581 1208 1641 τὸεπρῶτον
1234 1575 1535 1632 ἀπεδέδεικτο,
1561 1580 1633 1623 καὶ
1659 1581 1798 1643 μάχας
1817 1580 1971 1630 πολλὰς

200 1658 272 1703 καὶ
307 1660 492 1718 μεγάλας
516 1659 747 1706 ἐνενικήκει.

273 1741 411 1804 Capi.
442 1741 551 1788 Scil.
571 1741 708 1804 eligi,
736 1749 792 1787 ut
814 1740 996 1800 Tacit.,
1024 1743 1203 1787 Annal.
1218 1774 1235 1797 ,
1261 1756 1347 1798 nr,
1377 1756 1437 1786 22
1468 1758 1478 1786 :
1510 1762 1530 1782 «
1547 1743 1605 1787 In
1633 1742 1784 1788 Laeliae
1811 1744 1972 1790 locum

206 1814 430 1866 Cornelia
452 1835 513 1866 ex
535 1818 712 1865 familia
735 1820 994 1865 Cossorum
1018 1826 1158 1879 capta
1194 1826 1277 1864 est.
1305 1839 1325 1859 »
1357 1819 1632 1866 Formulam
1669 1836 1767 1882 qua
1800 1820 1852 1866 in
1884 1837 1971 1866 ca-

197 1898 386 1959 pienda
413 1898 641 1944 utebatur
676 1896 899 1958 pontifex
920 1913 1046 1943 max.
1073 1896 1221 1943 refert
1243 1897 1389 1954 cell„
1416 1913 1435 1943 1
1451 1933 1464 1957 ,
1495 1914 1569 1943 12.
1596 1902 1708 1957 Quo
1740 1898 1971 1955 docente,

203 1974 323 2021 ibid.
343 1978 394 2020 :'«
414 1964 540 2038 Capi
547 1984 707 2022 autem
728 1984 990 2037 propterea
1013 1973 1110 2021 dici
1135 1974 1344 2033 videtur,
1372 1975 1488 2037 quia
1510 1975 1755 2037 pontificis
1777 1978 1972 2024 maximi

201 2068 348 2100 manu
376 2054 612 2115 prehensa
632 2054 695 2100 ab
717 2068 776 2100 eo
798 2061 1000 2115 parente
1013 2087 1027 2111 ‚
1051 2052 1103 2098 in
1133 2051 1271 2112 cujus
1293 2061 1532 2113 potestate
1563 2064 1656 2114 est,
1677 2054 1828 2101 veluti
1842 2055 1972 2101 bello

204 2141 356 2193 capta
388 2131 660 2179 abducitur.
688 2151 714 2174 n

271 2221 331 2265 In
352 2230 540 2266 sortem.
569 2221 643 2267 Ex
672 2223 776 2284 lege
811 2219 980 2281 Papia,
1011 2236 1109 2282 qua
1133 2220 1393 2267 cavebatur
1420 2221 1476 2265 u't
1511 2220 1756 2282 pontificis
1778 2222 1974 2269 maximi

204 2297 442 2344 arbitratu
472 2297 680 2360 virgines
698 2313 723 2344 e
747 2299 935 2359 populo
951 2297 1123 2360 viginti
1145 2299 1442 2361 legerentur;
1469 2299 1758 2362 sortitioque
1783 2301 1834 2346 in
1851 2316 1973 2347 con-

211 2374 351 2422 cione
381 2390 442 2422 ex
472 2392 531 2422 eo
564 2391 769 2422 numero
792 2374 945 2422 fieret.
974 2375 1101 2421 Vide
1128 2377 1308 2434 Gau„
1331 2377 1361 2421 1.
1380 2392 1420 2421 c.

277 2465 562 2511 oblaturum
592 2482 657 2511 se.
683 2465 762 2512 Sic
785 2464 960 2523 Tacit„
992 2467 1172 2510 Annal.
1189 2498 1204 2520 ‚
1227 2481 1270 2510 11
1289 2500 1302 2524 ,
1339 2465 1400 2512 86
1437 2482 1447 2509 :
1483 2466 1628 2529 «Egit
1658 2475 1815 2530 grates
1837 2468 1973 2515 Fon-

207 2542 305 2590 teio
332 2542 590 2606 Agrippae,
619 2553 667 2590 et
699 2542 915 2590 Domitio
938 2542 1173 2602 Pollioni,
1199 2543 1334 2605 quod
1361 2543 1611 2590 offerendo
1637 2542 1782 2603 filias,
1809 2545 1871 2592 de
1893 2547 1974 2594 of-

205 2619 318 2669 ficio
350 2617 403 2667 in
435 2622 782 2684 rempublicam
806 2630 1059 2668 certarent.
1081 2643 1101 2662 »

274 2699 452 2746 Salutis
483 2702 750 2764 augurium.
786 2700 910 2760 Die,
937 2715 1113 2747 xxxvll
1143 2718 1156 2747 τ
1183 2709 1402 2766 Οἰώνισμσι
1426 2710 1472 2751 τὸ
1502 2714 1574 2758 τῆς
1595 2710 1748 2768 ὑγιείας
1776 2711 1974 2768 μαντείας

209 2801 270 2834 τις
298 2785 447 2843 τρόπος
470 2785 584 2839 ἐστὶ,
617 2787 757 2830 πίστιν
783 2803 878 2829 τινα
907 2787 1032 2843 ἔχων,
1059 2786 1093 2828 εἰ
1129 2787 1340 2844 ᾶπιτρέπιι
1377 2786 1511 2843 σφίσιν
1546 2788 1565 2828 ὀ
1604 2787 1705 2837 Θεὸς
1727 2786 1882 2846 ὑγίειαν
1913 2794 1972 2846 τῷ

213 2857 338 2920 δήμῳ
362 2862 554 2916 αἰτῆσαι,
591 2881 628 2907 κ.
653 2882 692 2906 τ.
719 2871 755 2907 λ.

276 2943 584 2989 Flaminium.
619 2946 677 2990 A.
704 2946 764 2991 U.
797 2945 923 3004 743..

275 3020 437 3067 Ludos
464 3021 724 3068 seculares.
758 3026 810 3068 A.
836 3023 897 3069 U.
927 3022 1018 3081 737
1038 3057 1051 3081 ,
1078 3024 1130 3070 C.
1155 3022 1338 3068 Furnio
1369 3031 1415 3067 et
1442 3023 1493 3068 C.
1521 3022 1685 3069 Silano
1722 3040 1840 3069 coss.

278 3096 646 3160 Compitalitioe.
676 3099 737 3146 H.
763 3114 803 3146 e.
838 3114 963 3162 quos
986 3098 1038 3144 in
1061 3099 1283 3162 compitis
1306 3099 1617 3162 peragebant.

279 3185 571 3250 Compitales
594 3190 733 3234 lares.
761 3189 950 3235 Statuas
970 3188 1141 3236 larium
1163 3187 1214 3235 in
1241 3187 1462 3251 compitis
1486 3189 1781 3236 constitutas.

281 3275 494 3338 Regiam.
526 3274 653 3323 Vide
680 3276 800 3323 Coes.
816 3310 831 3331 ,
865 3292 1032 3339 supra,
1054 3292 1197 3325 xxxx.

281 3351 391 3398 Cn.
420 3352 638 3400 XXXII.
678 3355 1025 3401 Grassatomm.
1054 3357 1128 3402 De
1149 3357 1500 3419 grassatoribus
1514 3390 1528 3411 ,
1567 3355 1679 3402 vide
1718 3357 1866 3411 Caes„
1893 3373 1978 3402 su-

213 3445 325 3489 pra,
360 3445 513 3476 txxn.

467 3537 527 3572 Η.
1066 3551 1069 3554 ·
1630 3540 1692 3575 12
