2372 3918
320 242 379 296 AG
1005 242 1055 287 C.
1093 243 1391 288 SUETONII

320 360 620 424 utrumque
661 346 914 404 ordinem
964 367 1076 403 non
1128 359 1240 402 tam
1289 337 1542 403 libertate
1577 347 1718 402 inter
1764 368 1851 421 se,
1889 370 2057 426 quam

319 449 589 527 dignitate
609 447 853 520 differre,
885 449 953 505 de
976 448 1164 526 jurgio
1187 448 1428 526 quodam
1458 450 1724 505 senatoris
1748 451 2057 528 equitisque

320 550 534 606 romani
558 550 635 606 ita
661 549 1053 628 pronunciavit
1087 570 1099 605 :
1131 574 1158 602 ι(
1179 550 1308 607 Non
1339 561 1598 627 oportere
1622 548 1870 607 maledici
1905 572 2059 608 sena-

319 649 563 723 toribuS‚
597 649 911 706 remaledici
940 647 1101 705 civile
1132 648 1322 727 fasque
1351 670 1487 706 esse.
1508 675 1535 702 »

398 753 468 807 X.
518 752 726 807 Litium
768 751 935 811 series
975 750 1183 827 ubique
1215 751 1483 828 majorem
1513 752 1567 807 in
1603 751 1829 809 modum
1872 773 2059 810 excre-

317 864 547 925 verant,
584 851 936 908 manentibus
965 851 1209 927 antiquis
1230 895 1247 923 ,
1278 851 1690 930 intercapedine
1714 853 2057 930 jurisdictio-

318 953 427 1024 nis;
457 953 844 1010 accedentibus
874 954 1064 1026 noviS,
1098 974 1164 1009 ex
1187 952 1505 1010 conditione
1534 953 1890 1032 tumultuque
1917 968 2055 1012 tem-

316 1074 534 1129 porum.
562 1056 722 1110 Sorte
742 1053 938 1133 elegit,
964 1075 1064 1132 per
1091 1075 1232 1131 quos
1255 1066 1414 1132 rapta
1433 1052 1582 1110 bello
1606 1056 2056 1126 restituerentur,

314 1154 522 1230 quique
570 1154 781 1231 judicia
823 1154 1246 1211 centumviralia
1268 1198 1283 1227 ,
1335 1155 1538 1231 quibus
1583 1156 1907 1234 peragendis
1967 1158 2058 1213 vix

313 1253 609 1310 suffectura
662 1254 1006 1332 litigatorum
1052 1267 1183 1311 aetas
1229 1254 1551 1324 videbatur,
1597 1269 1752 1312 extra
1802 1257 2055 1313 ordinem

313 1353 720 1431 dijudicarent,
757 1354 1182 1433 redigerentque
1223 1355 1291 1411 ad
1325 1355 1710 1411 brevissimum
1745 1377 2054 1413 numerum.

395 1458 496 1511 XI.
537 1455 742 1512 Libido
777 1467 945 1533 atque
981 1455 1227 1529 luxuria,
1266 1468 1557 1512 coercente
1600 1455 1779 1528 nullO,
1811 1455 2059 1513 invalue-

314 1569 416 1614 rat.
453 1563 664 1614 Auctor
701 1558 918 1613 senatui
958 1555 1064 1612 fuit
1103 1554 1462 1628 decernendi,
1499 1569 1587 1627 ut,
1621 1577 1744 1633 quae
1782 1577 1838 1612 se
1877 1555 2058 1613 alieno

314 1679 474 1714 servo
500 1658 772 1735 junxisset
792 1703 806 1729 ,
847 1643 1046 1715 ancilla
1078 1658 1380 1722 haberetur
1412 1679 1423 1712 ε
1456 1677 1595 1713 neve
1634 1656 1876 1714 filiorum
1904 1657 2058 1714 fami-

317 1746 518 1816 liarum·
549 1758 951 1816 feneratoribus
979 1758 1235 1837 exigendi
1265 1757 1460 1815 crediti
1487 1758 1579 1834 jus
1611 1779 1858 1835 unquam
1888 1771 2054 1830 esset,

314 1861 421 1917 hoc
446 1873 558 1933 est,
591 1882 660 1916 ne
682 1872 814 1938 vpost
845 1872 1068 1938 patrum
1099 1858 1320 1935 quidem
1357 1871 1609 1915 mortem.

398 1965 532 2020 XII.
560 1963 779 2021 Ceteris
812 1963 870 2017 in
895 1961 1060 2018 rebus
1083 1962 1269 2017 statim
1306 1962 1376 2016 ab
1408 1961 1566 2018 initio
1596 1962 1939 2040 principatus
1968 1983 2057 2018 us-

266 2082 416 2142 ssfque
438 2063 509 2121 ad
537 2066 747 2121 exitum
780 2062 955 2122 civilis
991 2079 1046 2120 et
1080 2062 1351 2135 clemens,
1388 2062 1827 2131 mediocritatem
1860 2064 2051 2141 pristi-

310 2187 436 2222 nam
470 2186 649 2242 neque
692 2163 1062 2227 dissimulavit
1104 2184 1385 2240 unquam,
1421 2184 1483 2219 ac
1526 2163 1843 2240 frequenter
1887 2165 2055 2220 etiam

310 2289 421 2345 prae
449 2288 505 2324 se
534 2265 679 2323 tulit.
717 2266 872 2339 Quin
906 2277 961 2322 et
987 2278 1252 2321 conantes
1282 2262 1554 2341 quosdam
1577 2264 1850 2341 originem
1877 2263 2056 2321 Flavii

309 2369 547 2446 generis'
572 2368 643 2424 ad
685 2367 998 2424 conditores
1051 2368 1294 2423 reatinos
1347 2367 1723 2443 comitemque
1767 2365 2055 2437 HerculiS,

309 2471 467 2548 cujus
493 2481 915 2527 monumentum
931 2481 1110 2525 exstat
1132 2469 1219 2525 via
1245 2467 1481 2538 Salaria,
1508 2467 1738 2539 referre,
1771 2468 1941 2524 irrisit
1972 2467 2056 2524 ul-

224 2585 238 2622 .›··
311 2582 415 2627 tro.
465 2570 731 2647 Adeoque
760 2561 923 2626 fnihil
966 2582 1424 2626 ornamentorum
1467 2570 1805 2625 extrinsecus
1854 2568 2054 2647 cupide

310 2672 612 2749 appetivit,
645 2683 709 2727 ut
750 2671 1024 2748 triumphi
1053 2670 1172 2743 die,
1216 2670 1477 2749 fatigatus
1508 2658 1768 2726 tarditate
1800 2682 1855 2728 et
1886 2668 2048 2726 taedio

308 2792 561 2850 pompae,
607 2793 720 2828 non
759 2770 1068 2844 reticuerit,
1109 2797 1134 2824 «
1171 2773 1370 2828 merito
1411 2792 1468 2827 se
1505 2771 1699 2849 plecti,
1731 2772 1826 2848 qui
1856 2773 2052 2827 trium-

310 2873 511 2949 phum,
536 2873 693 2950 quasi
720 2885 816 2928 aut
846 2871 1094 2928 debitum
1121 2872 1426 2949 majoribus
1463 2873 1576 2927 suis
1595 2914 1610 2943 ,
1639 2884 1737 2927 aut
1769 2882 2049 2950 speratum

311 2994 557 3050 unquam
583 2974 713 3045 sibi,
743 2985 856 3030 tam
880 2974 1064 3051 inepte
1096 2993 1260 3029 senex
1294 2973 1657 3049 concupisset.
1684 2996 1711 3024 υ
1746 2975 1829 3028 Ac
1853 2991 1922 3026 ne
1950 2971 2051 3027 tri-

310 3073 589 3130 buniciam
622 3074 846 3151 quidem
889 3085 1217 3151 potestatem
1238 3117 1253 3144 ,
1281 3086 1334 3128 et
1370 3073 1549 3129 Patris
1582 3072 1773 3149 patriae
1811 3068 2052 3147 appella-

310 3175 542 3245 tionem,
572 3175 677 3230 nisi
703 3195 828 3230 sero
856 3175 1078 3251 recepit.
1103 3175 1249 3231 Nam
1274 3172 1733 3253 consuetudinem
1765 3168 2048 3227 scrutandi

310 3272 642 3347 salutanteS,
676 3286 937 3332 manente
964 3273 1145 3329 adhuc
1178 3272 1323 3330 bello
1353 3272 1532 3347 civili,
1568 3273 1846 3329 omiserat.
