2372 3918
417 312 429 339 1
443 297 502 342 68
1185 297 1376 342 NOTAE

480 391 602 436 Vita.
639 412 659 433 «
680 389 790 438 Vita
824 407 1078 454 rerumque
1105 407 1299 440 suarum
1340 391 1604 439 dominium
1638 407 1855 437 concessa
1890 393 1933 437 ei
1962 404 2084 438 sunt.
2119 417 2136 434 »

406 469 528 514 Ven.
542 504 556 526 ‚
589 470 697 526 ibid.
962 450 967 463 ’

475 546 586 592 Cn.
621 546 779 592 XVII.
811 547 978 592 Varus.
1012 546 1322 593 Reconciliati
1343 563 1467 608 saepe
1488 555 1598 593 sunt
1615 562 1642 592 a
1671 548 1829 592 Nerva
1858 547 2059 594 Cocceio
2094 557 2141 592 et

404 624 676 668 Maecenate.
696 623 836 681 Hor„
860 624 957 671 Sat.
982 640 1026 683 1,
1049 624 1076 671 5
1103 640 1115 669 ε

583 770 672 808 Huc
689 775 876 808 venturus
897 775 982 808 erat
1000 770 1196 809 Maecenas
1218 768 1411 823 optimus,
1434 777 1555 823 atque
1592 784 1600 792 ·

583 836 795 888 Cocceius,
815 837 922 877 missi
939 837 1090 891 magnis
1114 837 1164 878 de
1181 837 1303 879 rebus
1327 846 1496 892 uterque

581 905 735 960 Legati,
755 920 912 947 aversos
926 906 1032 947 soliti
1051 920 1288 961 componere
1308 907 1466 949 amicos.

406 1044 476 1090 Cf.
500 1042 706 1104 Appian.
742 1028 906 1089 eadem
928 1043 1236 1100 referentem,
1262 1046 1318 1088 B.
1350 1044 1424 1102 C„
1454 1060 1504 1101 v,
1520 1060 1570 1105 p.
1597 1060 1705 1107 709.

470 1120 771 1165 Focillatam.
789 1147 855 1154 -—
883 1122 1139 1174 Focillare,
1164 1120 1429 1166 diminutiv.
1458 1136 1518 1167 ex
1527 1121 1776 1180 fhculare,
1795 1123 1931 1184 quod
1949 1138 1977 1169 a
1993 1122 2114 1184 foco
2126 1159 2140 1179 ‚

404 1212 463 1242 ex
479 1199 720 1255 Bernecc.,
743 1196 974 1260 significat
1001 1214 1012 1241 :
1038 1197 1250 1243 «blando
1277 1198 1434 1243 calore
1451 1196 1646 1245 reficere
1661 1234 1675 1258 ,
1694 1215 1775 1244 seu
1802 1200 1979 1246 fovere.
1998 1220 2019 1242 n
2038 1201 2144 1246 Hoc

403 1273 650 1332 confirmat
674 1274 907 1332 Reitzius,
931 1276 1095 1321 Senec.
1127 1274 1309 1332 verbis,
1332 1276 1486 1336 Epist.
1521 1291 1619 1322 1111
1642 1293 1654 1321 t
1682 1277 1868 1322 «Pudet
1894 1293 2018 1337 me..,
2048 1287 2145 1324 tam

402 1352 585 1398 levibus
606 1351 826 1397 remediis
849 1362 896 1397 te
906 1351 1152 1410 focillare.
1169 1373 1189 1393 ι»

472 1429 823 1474 Testamentum.
849 1428 1083 1479 Plutarch.
1092 1463 1107 1486 ,
1138 1428 1190 1473 in
1207 1431 1377 1475 Ancon.
1394 1463 1408 1484 ,
1435 1446 1484 1490 p.
1510 1436 1604 1491 942
1636 1446 1648 1474 τ
1680 1438 1798 1485 Τῖτος
1831 1434 1882 1479 δε
1905 1435 1977 1478 καὶ
2009 1439 2144 1495 Πλάγ-

410 1529 476 1562 κος
506 1505 707 1556 Ᾰντωνίου
738 1513 842 1570 φίλοι
866 1518 945 1555 τῶν
979 1515 1188 1556 ὑπατικῶν
1218 1510 1493 1571 ἀποδράντες,
1518 1514 1670 1570 ᾤχοντο
1694 1515 1792 1571 πρὸς
1823 1514 2044 1569 Καίσαρα,
2075 1514 2145 1556 καὶ

400 1589 493 1647 περὶ
514 1595 593 1631 τῶν
623 1581 823 1632 Ᾱντωνίου
848 1585 1052 1635 διαθηκῶν
1074 1590 1247 1646 ἐγίνοντο
1288 1590 1488 1647 μηνυταὶ,
1522 1590 1578 1632 τὰ,
1604 1590 1871 1648 γεγραμμένα
1906 1586 2144 1639 συνειδότες.

400 1659 624 1709 Ᾰπέκειντο
656 1662 697 1708 δ’
721 1660 844 1709 αὗται
874 1667 989 1724 παρὰ
1024 1669 1116 1716 ταῖς
1149 1668 1310 1710 ἑστιάσι
1348 1669 1567 1725 παρθένοις“
1592 1666 1662 1709 καὶ
1697 1667 1906 1723 Καίσαρος
1938 1668 2144 1716 αἰτοῦντος

403 1745 473 1786 οὐκ.
505 1739 690 1786 &oxus
707 1744 740 1785 εἰ
781 1739 831 1786 δὲ
866 1741 1044 1797 &calor-‘ro
1077 1742 1327 1803 ᾉαμὲοίνειν,
1374 1746 1494 1787 ἐλθεῖν
1527 1745 1646 1787 αὐτὸν
1676 1745 1867 1787 ἐκέλευον·
1898 1742 2039 1787 auga
2072 1742 2144 1788 ὀὗν

405 1821 537 1864 ἐλθών.

471 1891 561 1935 Ex·
580 1892 712 1936 omni
729 1908 937 1938 numero.
966 1892 1075 1938 Scil.
1099 1901 1146 1937 et
1171 1908 1282 1937 suos
1298 1901 1344 1937 et
1362 1892 1680 1951 Antonianos,
1706 1891 1792 1953 qui
1814 1891 1877 1937 ad
1893 1907 1998 1937 suas
2023 1908 2142 1953 par—

400 1978 471 2016 tes
497 1979 800 2017 accesserant.

466 2048 675 2092 AEtolc'oe.
710 2048 843 2092 Inter
868 2047 1046 2094 Rhium
1075 2056 1121 2092 et
1142 2047 1468 2105 Antirrhium,
1496 2047 1582 2109 qui
1607 2055 1708 2092 erat
1742 2046 2045 2092 brevissimus
2077 2063 2135 2092 ex

400 2123 576 2169 AEtolia
601 2122 652 2168 in
673 2125 1052 2183 Peloponnesum
1078 2124 1318 2183 trajectus.
1461 2112 1463 2114 ,

470 2199 836 2245 Liburnicarum.
862 2227 928 2235 ——
949 2201 1211 2245 Libumicoe
1234 2201 1513 2246 dicebantur
1539 2200 1766 2246 naviculae
1787 2200 1848 2245 ad
1869 2200 1961 2245 iter
1990 2202 2144 2246 celer-

400 2277 550 2334 rimae,
586 2292 704 2337 quas
738 2278 972 2321 Liburnus
1006 2286 1147 2322 vocat
1173 2277 1369 2334 Horat.‚
1399 2278 1557 2337 Epod.
1584 2293 1627 2334 1,
1665 2294 1703 2324 1.
1738 2276 1816 2322 Sic
1845 2278 2090 2338 appellatae
2115 2294 2142 2324 a

400 2354 606 2399 Liburno
625 2353 795 2418 Illyriae
817 2355 1018 2414 populo.
1051 2354 1174 2399 Vide
1206 2357 1420 2411 Vitem„
1441 2370 1482 2412 1,
1516 2353 1593 2400 33.

467 2431 646 2476 Potitus
669 2441 748 2476 est.
774 2432 920 2488 Vell.‚
954 2447 1022 2488 11,
1056 2431 1114 2488 87
1146 2448 1156 2475 :
1191 2451 1210 2471 «
1236 2431 1461 2476 Proximo
1487 2431 1659 2476 deinde
1690 2446 1839 2489 anno,
1865 2443 2140 2493 persecutus

399 2508 611 2571 reginam
640 2509 999 2569 Antoniumque
1026 2508 1386 2566 Alexandriam,
1411 2509 1624 2553 ultimam
1648 2508 1783 2554 bellis
1813 2508 2028 2555 civilibus
2050 2510 2142 2556 im-

399 2585 561 2646 posuit
582 2601 790 2631 manum.
817 2606 836 2627 »

475 2663 726 2708 Mortuum.
744 2664 865 2708 vell.
878 2697 891 2719 ,
918 2663 1026 2707 ibid.
1045 2679 1060 2706 :
1073 2684 1092 2702 «
1111 2662 1348 2727 Antonius
1364 2663 1524 2723 seipse
1542 2678 1642 2708 non
1661 2663 1866 2725 segniter
1879 2664 2116 2710 interemit
2129 2700 2142 2722 ,

404 2739 526 2784 adeo
550 2747 605 2784 ut
629 2741 779 2785 multa
810 2739 999 2785 desidiae
1024 2740 1217 2784 crimina
1239 2750 1394 2785 morte
1422 2741 1675 2787 dirimeret.
1702 2762 1735 2783 »ω

469 2816 672 2875 Psyllos.
705 2816 846 2874 Plin.,
869 2832 968 2874 vn,
998 2832 1024 2861 2
1045 2833 1055 2861 z
1087 2817 1182 2861 «In
1205 2816 1367 2862 Africa
1395 2833 1508 2879 gens
1524 2819 1791 2880 Psyllorum
1811 2819 1946 2864 fuit...
1966 2820 2141 2866 horum

401 2892 594 2954 corpori
628 2893 893 2954 ingenitum
924 2893 1017 2939 fuit
1040 2893 1169 2939 virus
1205 2894 1390 2939 exitiale
1413 2896 1714 2954 serpentibus
1741 2905 1796 2942 ut
1826 2896 1962 2956 cujus
1988 2897 2139 2943 odore

401 2970 614 3031 sopirent
636 2986 726 3016 eas.
744 2991 765 3012 »
787 2973 852 3017 At
874 2971 990 3018 Cels.
1003 3005 1017 3029 ,
1044 2987 1100 3029 v,
1130 2987 1188 3028 27
1222 2988 1233 3015 z
1259 2991 1278 3012 «
1304 2972 1446 3034 Psylli
1462 2989 1563 3017 non
1591 2974 1768 3020 hahent
1786 2973 2027 3020 scientiam
2050 2976 2138 3020 ad-

400 3061 562 3113 versus
594 3064 777 3094 venena
802 3048 1091 3109 praecipuam
1105 3083 1118 3105 ,
1149 3049 1231 3093 sed
1257 3049 1500 3095 audaciam
1530 3066 1620 3095 usu
1649 3051 1754 3111 ipso
1784 3049 2108 3097 confirmatam
2127 3088 2139 3110 ‚

402 3115 498 3185 qua
523 3127 723 3172 vulnera
749 3135 998 3187 exsugunt.
1024 3147 1044 3167 »

471 3204 740 3250 Simulacro.
770 3205 935 3250 Sermo
960 3214 1028 3249 est
1047 3204 1106 3249 de
1131 3214 1442 3249 monumento
1470 3205 1765 3252 Alexandriae
1791 3207 1918 3251 Julio
1946 3222 1971 3251 a
1997 3208 2139 3251 Cleo—

401 3289 536 3341 patra
560 3281 800 3326 condito...
829 3281 1023 3326 Constat
1060 3281 1185 3326 enim
1215 3297 1312 3325 non
1348 3283 1550 3326 Romam
1575 3282 1748 3344 fugisse
1772 3281 2034 3330 Antonium
2054 3282 2139 3340 ju·-
