2372 3918
437 243 493 295 72,
1111 237 1161 282 e.
1191 237 1484 283 suE'roNu

434 354 604 412 tuna,
642 350 759 398 toto
801 339 1018 418 imperii
1054 341 1232 418 spatio
1266 360 1470 396 annum
1509 359 1711 395 novum
1748 339 2152 397 commendanti

433 440 606 496 laetam
638 440 996 518 eamdemque
1019 459 1234 517 semper
1257 451 1460 496 sortem
1482 438 1612 495 dare
1635 450 1847 499 assueta
1865 481 1879 507 ,
1901 450 2152 495 extremo

431 541 798 597 tristissimam
824 539 1091 609 reddidit,
1120 560 1223 596 nec
1257 540 1372 596 sine
1400 540 1680 617 sanguinis
1709 540 2009 595 mentione.
2040 541 2154 595 Mi-

432 662 682 713 nervam,
708 662 872 718 quam
905 641 1280 718 superstitiose
1308 638 1551 710 colebat,
1577 640 1869 709 somniavit
1897 639 2155 695 excedere

431 727 695 811 sacrario,
727 754 1038 820 negantem,
1060 740 1206 798 ultra
1227 762 1285 798 se
1307 742 1448 797 tueri
1474 762 1599 797 eum
1627 761 1810 818 posse,
1835 740 1984 817 quod
2007 760 2158 796 exar-

434 855 579 899 mata
601 855 740 901 esset
760 864 789 899 a
817 845 966 899 Jove.
993 841 1160 900 Nulla
1186 853 1366 898 tamen
1390 862 1447 898 re
1469 841 1699 919 perinde
1724 853 2031 898 commotus
2057 853 2156 913 est,

434 964 598 1020 quam
618 964 881 1021 responso
906 964 1146 1020 casuque
1171 941 1560 998 Ascletarionis
1582 942 1972 998 mathematici.
1996 944 2158 997 Hunc

437 1042 715 1117 delatum,
763 1065 865 1100 nec
913 1044 1237 1100 infitiantem
1275 1044 1504 1121 jactasse
1542 1063 1630 1115 se,
1672 1063 1793 1119 quae
1829 1041 2160 1121 providisset

431 1165 494 1199 ex
539 1157 655 1201 arte
675 1187 690 1218 ,
725 1145 1033 1201 sciscitatus
1062 1156 1168 1216 est,
1198 1144 1323 1220 quis
1354 1144 1535 1220 ipsum
1573 1155 1817 1200 maneret
1845 1145 2022 1198 exitus
2058 1164 2070 1198 :
2106 1155 2162 1198 et

433 1244 826 1317 affirmantem,
870 1269 897 1297 <c
931 1244 1078 1312 fore,
1117 1257 1180 1300 ut
1227 1244 1382 1301 brevi
1417 1242 1752 1300 laceraretur
1786 1264 1816 1299 a
1852 1244 2107 1315 canibus,
2134 1270 2160 1296 »

434 1344 667 1400 interfici
703 1344 926 1421 quidem
969 1345 1084 1400 sine
1115 1365 1297 1418 mora3
1327 1344 1420 1400 sed
1450 1344 1516 1400 ad
1552 1343 1952 1420 coarguendam
1990 1355 2160 1400 teme-

431 1446 650 1501 ritatem
685 1446 847 1518 artiS,
892 1443 1110 1522 sepeliri
1151 1466 1372 1523 quoque
1414 1445 1822 1508 accuratissime
1853 1444 2159 1521 imperavit.

429 1545 802 1623 Quodxquum
833 1545 1015 1618 fieret,
1041 1547 1250 1615 evenit,
1282 1558 1370 1618 ut,
1401 1546 1688 1623 repentina
1724 1557 2047 1622 tempestate
2075 1544 2163 1600 de-

424 1647 572 1722 jecto
596 1645 791 1702 funere
810 1689 826 1716 ,
858 1647 1179 1703 semiustum
1207 1646 1440 1702 cadaver
1467 1645 1843 1723 discerperent
1866 1665 2052 1716 caneS,
2078 1645 2160 1701 id-

430 1767 538 1822 que
562 1746 612 1802 ei
641 1747 879 1802 coenanti
908 1768 936 1803 a
968 1747 1137 1802 mimo
1166 1747 1395 1818 Latino,
1416 1746 1508 1823 qui
1536 1747 1848 1823 praeteriens
1877 1745 2019 1802 forte
2043 1747 2162 1802 ani-

430 1845 832 1918 madverterat,
866 1848 1012 1902 inter
1042 1859 1252 1903 ceteras
1285 1846 1391 1902 diei
1422 1846 1633 1902 fabulas
1666 1846 1982 1902 referretur.

510 1948 663 2003 XVI.
691 1946 876 2003 Pridie
904 1968 1070 2023 quam
1100 1948 1331 2024 periret,
1361 1963 1536 2023 quum
1564 1946 1778 2003 oblatos
1806 1948 2023 2003 tuberes
2049 1968 2161 2004 ser-

431 2047 548 2102 vari
566 2046 814 2123 jussisset
849 2047 905 2102 in
939 2048 1271 2120 crastinum,
1313 2046 1536 2124 adjecit,
1570 2048 1659 2102 «si
1686 2047 1851 2103 modo
1880 2048 1961 2104 uti
1990 2047 2160 2104 licue-

429 2148 500 2203 rit
533 2169 546 2203 ι
582 2173 609 2201 »
637 2161 691 2204 et
735 2169 1034 2205 conversus
1075 2149 1144 2205 ad
1189 2150 1469 2227 proximos
1500 2149 1826 2216 affirmavit,
1861 2174 1889 2202 «
1919 2150 2060 2222 fore,
2099 2163 2162 2205 ut

429 2249 677 2324 sequenti
721 2247 810 2304 die
836 2247 970 2305 luna
1002 2269 1061 2305 se
1102 2249 1160 2305 in
1192 2250 1436 2326 Aquario
1468 2261 1815 2321 cruentaret,
1845 2250 2162 2327 factumque

428 2348 652 2425 aliquod
683 2350 962 2406 exsisteret
980 2393 995 2420 ,
1027 2350 1095 2406 de
1123 2371 1236 2427 quo
1266 2349 1621 2427 loquerentur
1655 2350 1904 2406 homines
1931 2371 2028 2428 per
2051 2361 2163 2407 ter-

429 2471 616 2506 rarum
638 2450 846 2507 orbem.
872 2475 900 2504 »
930 2450 1015 2507 Ad
1041 2450 1274 2507 mediam
1306 2464 1523 2508 noctem
1553 2452 1628 2506 ita
1650 2464 1732 2507 est
1749 2453 2068 2524 exterritus,
2100 2465 2162 2508 ut

429 2571 496 2605 ex
529 2562 700 2606 strato
741 2549 1036 2628 prosiliret.
1067 2551 1286 2608 Dehinc
1320 2572 1480 2606 mane
1511 2551 1892 2627 haruspicem,
1924 2572 1991 2607 ex
2025 2537 2164 2608 Ger-

432 2651 613 2706 mania
639 2651 891 2722 missum,
917 2651 1012 2727 qui
1037 2650 1323 2707 consultus
1351 2650 1418 2706 de
1441 2650 1658 2728 fulgure
1683 2652 2044 2708 mutationem
2077 2673 2161 2707 re-

435 2771 557 2806 rum
593 2750 949 2828 praedixerat,
976 2750 1151 2807 audiit
1180 2751 1692 2828 condemnavitque.
1730 2754 1809 2807 Ac
1839 2751 1971 2808 dum
2005 2751 2159 2808 exul-

429 2864 666 2907 ceratam
698 2852 755 2907 in
799 2851 979 2908 fronte
1022 2872 1310 2908 verrucam
1356 2852 1732 2908 vehementius
1775 2851 1996 2930 scalpit,
2029 2873 2160 2928 pro-

431 2953 630 3008 fluente
656 2953 947 3031 sanguine,
973 2978 1000 3006 ε(
1027 2954 1284 3023 Utinam,
1310 2979 1335 3006 >2
1360 2954 1566 3030 inquit,
1597 2978 1625 3006 «
1650 2951 1982 3010 hactenusln
2004 2955 2161 3010 Tunc

430 3053 591 3109 horas
624 3054 961 3130 requirenti,
995 3074 1094 3130 pro
1122 3055 1342 3130 quinta,
1378 3075 1542 3131 quam
1579 3055 1856 3111 metuebat
1876 3098 1891 3124 ,
1920 3065 2066 3111 sexta
2095 3074 2159 3109 ex
2198 3084 2202 3088 -

432 3153 699 3210 industria
735 3155 994 3210 nunciata
1045 3166 1140 3210 est.
1181 3155 1303 3226 His,
1350 3153 1499 3211 velut
1549 3166 1822 3211 transacto
1853 3156 1965 3231 jam
2010 3155 2156 3230 peri·

431 3252 587 3326 culO,
629 3253 810 3311 laetum
831 3299 845 3328 ‚
891 3255 1347 3332 festinantemque
1379 3256 1448 3311 ad
1482 3258 1743 3334 corporis‘
1765 3277 1984 3327 curam,
2021 3258 2152 3311 Par-
