2372 3918
935 346 1266 391 CLAUDIUS.
1867 347 1958 393 213

243 483 429 517 verum
464 460 615 516 latini
643 455 904 514 sermonis
927 454 1205 530 ignarum,
1239 470 1349 505 non
1374 449 1537 504 modo
1560 450 1683 508 albo
1708 454 1954 529 judicum

242 564 435 633 erasit,
473 559 565 617 sed
598 559 759 614 ctiam
791 556 845 610 in
878 552 1325 631 peregrinitatem
1363 548 1586 628 redegit.
1620 554 1737 608 Nec
1763 575 1958 630 quem·

241 684 432 740 quam,
466 660 567 716 nisi
594 679 692 715 sua
722 674 887 719 voce,
921 665 1202 730 utcunque
1233 653 1357 729 quis
1390 663 1599 729 posset,
1627 673 1690 709 ac
1716 656 1831 711 sine
1863 677 1959 733 pa-

243 778 430 834 trono,
475 762 742 820 rationem
794 758 915 813 vitae
960 776 1149 834 passus
1200 767 1280 812 est
1331 753 1577 811 reddere.
1624 755 1962 834 Notavitque

244 864 473 935 multOS,
506 873 562 918 et
599 859 865 937 quosdam
910 857 1292 933 inopinanteS,
1326 868 1381 912 et
1414 877 1480 912 ex
1509 876 1673 912 causa
1704 859 1834 913 novi
1870 879 1962 935 ge-

243 966 413 1036 neris,
452 960 602 1040 quod
629 981 686 1017 se
716 959 888 1016 inscio
924 978 988 1013 ac
1017 958 1134 1013 sine
1170 968 1479 1012 commeatu
1515 955 1672 1013 Italia
1705 959 1964 1014 excessis·

243 1077 396 1136 sent,
424 1060 718 1140 quemdam
757 1080 883 1115 vero
917 1071 972 1115 et
1003 1057 1151 1135 quod
1195 1077 1380 1113 comes
1413 1059 1556 1135 regis
1591 1058 1647 1113 in
1684 1059 1965 1134 provincia

244 1166 457 1236 fuisset,
502 1162 766 1233 referens,
796 1159 1067 1236 majorum
1108 1157 1478 1235 temporibuS,
1513 1158 1741 1214 Rabirio
1765 1161 1966 1215 Postu-

243 1287 357 1335 m0,
394 1263 745 1321 Ptolemaeum
781 1259 1197 1330 Alexandriam,
1243 1257 1435 1315 crediti
1481 1258 1732 1315 servandi
1778 1280 1969 1332 causa,

246 1377 457 1437 secuto,
495 1363 791 1439 majestatis
821 1362 1028 1418 crimen
1067 1359 1214 1437 apud
1252 1358 1463 1435 judices
1509 1372 1740 1416 motum.
1778 1359 1970 1416 Plures

247 1478 438 1522 notare
480 1475 738 1533 conatus,
788 1481 985 1538 magna
1027 1460 1416 1536 inquisitorum
1462 1458 1828 1538 negligentia,
1877 1461 1970 1516 sed

250 1588 348 1622 suo
406 1565 612 1642 majore
663 1561 960 1633 dedecore,
1006 1561 1256 1616 innoxios
1303 1560 1415 1616 fere
1455 1562 1691 1637 reperit,
1736 1562 1978 1638 quibus-⁷

250 1686 468 1742 cunque
502 1662 839 1731 coelibatum,
884 1674 981 1717 aut
1010 1661 1330 1733 orbitatem,
1364 1674 1458 1717 aut
1494 1657 1793 1739 egestatem
1828 1662 1971 1738 obji-

249 1778 419 1838 ceret,
465 1765 718 1833 maritos,
756 1775 967 1839 patreS,
1014 1761 1307 1838 opulentos
1356 1783 1412 1817 se
1458 1763 1855 1838 probantibus;
1910 1784 1974 1819 eo

250 1865 497 1942 quidem,
544 1865 639 1941 qui
688 1863 908 1918 sibimet
950 1863 1059 1917 vim
1106 1862 1251 1917 ferro
1299 1861 1548 1919 intulisse
1598 1865 1973 1941 arguebatur,

250 1965 477 2021 illaesum
518 1984 718 2041 corpus
762 1975 912 2019 veste
961 1962 1210 2040 deposita
1264 1975 1591 2019 ostentante.
1637 1968 1882 2020 Fuerunt
1923 1978 1977 2021 et

252 2065 342 2122 illa
373 2066 429 2121 in
451 2085 678 2122 censura
700 2064 816 2140 ejus
849 2061 1139 2135 notabilia,
1170 2062 1318 2139 quod
1343 2063 1595 2120 essedum
1620 2077 1939 2142 argenteum
1961 2110 1975 2138 ,

252 2178 530 2222 sumtuose
570 2164 926 2236 fabricatum,
974 2185 1038 2220 ae
1082 2162 1274 2220 venale
1321 2165 1389 2220 ad
1440 2164 1738 2243 Sigillaria,
1782 2166 1976 2222 redimi

1834 2267 1975 2345 giuti

254 2366 431 2421 edicta
461 2365 749 2442 proposuit
773 2386 785 2420 :
825 2363 971 2420 inter
997 2385 1117 2440 quae
1148 2363 1286 2436 du0,
1318 2386 1553 2441 quorum
1581 2365 1756 2423 altero
1784 2366 1976 2422 admo-

255 2466 445 2537 nebat,
477 2477 582 2520 «ut
607 2464 760 2520 uberi
790 2464 1073 2519 vinearum
1097 2476 1365 2541 proventu
1384 2466 1524 2521 bene
1552 2466 1697 2522 dolia
1729 2468 1979 2543 picaren·

253 2265 574 2342 concidique
601 2285 817 2335 coram,
848 2265 1175 2341 imperavit:
1218 2264 1477 2342 quodque
1508 2287 1622 2322 uno
1650 2265 1740 2322 die
1777 2268 1827 2321 vi

256 2579 375 2634 tui-3
403 2591 428 2618 υ
467 2564 669 2636 altero,
713 2589 740 2616 «
763 2563 897 2619 nihil
935 2584 1088 2640 aeque
1129 2564 1306 2620 facere
1344 2563 1410 2621 ad
1457 2566 1656 2644 viperae
1706 2587 1980 2638 morsum,

257 2686 419 2740 quam
454 2665 565 2720 taxi
593 2664 805 2720 arboris
837 2685 1132 2720 succum.»

336 2766 512 2822 XVII.
541 2763 957 2839 Expeditionem
991 2786 1157 2820 unam
1190 2767 1420 2823 omnino
1449 2769 1723 2846 suscepit,
1754 2788 1984 2844 eamque

262 2863 551 2920 modicam.
605 2863 823 2935 Quum,
883 2862 1120 2920 decretis
1174 2866 1276 2921 sibi
1325 2887 1356 2922 a
1409 2880 1599 2924 senatu
1646 2869 1985 2923 ornamentis

261 2962 713 3040 triumphalibuS,
764 2961 1024 3019 leviorem
1085 2966 1359 3042 majestati
1413 2967 1707 3045 principali
1761 2966 1983 3024 titulum

262 3065 652 3135 arbitraretur,
692 3060 992 3140 velletque,
1024 3065 1158 3142 justi
1197 3066 1463 3143 triumphi
1507 3067 1671 3124 decus
1709 3067 1856 3124 unde
1891 3088 1983 3123 ac-

262 3165 501 3240 quireret
517 3205 532 3234 ,
561 3163 916 3220 Britanniam
937 3166 1281 3242 potissimum
1299 3165 1491 3243 elegit,
1522 3188 1699 3244 neque
1719 3178 1985 3224 tentatam

266 3263 358 3319 ulli
395 3274 515 3340 post
548 3261 736 3317 divum
767 3262 1005 3337 Julium,
1047 3278 1101 3321 et
1137 3278 1268 3322 tunc
1307 3265 1733 3323 tumultuantem
1771 3267 1841 3323 ob
1876 3289 1986 3324 non

267 3362 504 3417 redditos
536 3363 855 3440 transfugas.
891 3368 1010 3421 Huc
1037 3388 1208 3443 quum
1245 3367 1313 3423 ab
1342 3368 1496 3424 Ostia
1528 3369 1845 3445 navigaret,
1894 3389 1985 3423 ve-
