2372 3918
391 268 449 314 26
1049 266 1095 310 C.
1127 266 1412 313 SUETONII

388 371 618 447 publica.
671 369 1068 430 Munditiarum
1124 369 1564 446 lautitiarumque
1620 368 2069 427 studiosissimum

389 469 546 533 multi
579 468 978 547 prodiderunt:
1015 466 1200 526 villam
1237 469 1293 525 in
1328 470 1644 526 Nemorensi
1684 490 1715 524 a
1752 468 2071 525 fundamen-

388 571 455 626 tis
485 571 821 641 inchoatam,
856 588 1159 646 magnoque
1193 580 1411 644 sumptu
1442 567 1742 625 absolutam
1760 612 1775 641 ,
1805 570 1930 645 quia
1962 590 2072 626 non

389 680 502 727 tota
542 668 612 725 ad
643 669 885 724 animum
913 668 962 723 ei
997 666 1374 743 responderat,
1412 680 1580 725 totam
1614 668 1871 741 diruisse,
1907 689 2075 745 quan-

387 788 550 844 quam
585 780 802 825 tenuem
838 766 1016 825 adhuc
1059 778 1115 822 et
1157 766 1451 823 obaeratum
1493 789 1505 823 :
1553 769 1608 823 in
1641 768 2073 847 expeditionibus

389 865 655 924 tessellata
683 879 737 922 et
766 864 966 923 sectilia
997 866 1303 942 pavimenta
1331 865 1738 924 circumtulisse.

463 966 684 1023 XLVII.
729 965 1062 1022 Britanniam
1101 965 1296 1041 petisse
1334 985 1428 1042 spe
1466 966 1909 1042 margaritarum,
1944 987 2076 1043 qua-

386 1086 510 1122 rum
552 1063 956 1141 amplitudinem
1004 1062 1370 1126 conferentem
1387 1107 1403 1134 ,
1452 1063 1727 1120 interdum
1769 1086 1864 1121 sua
1908 1086 2075 1122 manu

387 1165 617 1242 exegisse
654 1163 865 1241 pondus
905 1186 919 1219 ε
963 1185 1233 1241 gemmas,
1268 1176 1603 1236 toreumata,
1640 1166 1825 1242 signa,
1866 1164 2075 1221 tabulas

386 1265 562 1340 operis
602 1264 812 1340 antiqu-i
856 1284 1064 1341 semper
1105 1263 1492 1319 animosissime
1530 1283 1869 1339 comparasse
1908 1285 1920 1320 ε
1964 1284 2075 1320 ser-

385 1363 514 1418 vitia
565 1363 794 1418 'rectiora
842 1361 1200 1438 politioraque
1245 1364 1508 1418 immenso
1558 1362 1764 1438 pretio,
1814 1374 1868 1417 et
1917 1367 2072 1439 cujus

385 1462 560 1538 ipsum
586 1463 744 1517 etiam
770 1461 1020 1537 puderet,
1049 1462 1124 1516 sic
1151 1471 1212 1516 ut
1236 1461 1537 1516 rationibus
1560 1473 1768 1517 vetaret
1790 1461 1994 1518 inferri.

462 1562 714 1617 XLVIII.
759 1561 1123 1617 Convivatum
1156 1559 1367 1616 assidue
1400 1581 1499 1636 per
1526 1562 1830 1637 provincias
1863 1559 2074 1618 duobus

383 1657 656 1730 tricliniis,
690 1679 827 1730 un0,
864 1679 972 1734 quo
1002 1659 1170 1736 sagati
1204 1657 1499 1735 palliative,
1535 1658 1729 1731 altero,
1764 1681 1874 1736 quo
1906 1662 2073 1738 togati

381 1777 504 1812 cum
529 1755 908 1814 illustrioribus
932 1758 1335 1835 provinciarum
1358 1756 1774 1815 discumberent.
1802 1761 2074 1816 Domesti-

382 1876 497 1911 cam
524 1854 862 1932 disciplinam
894 1857 950 1911 in
980 1857 1159 1933 parvis
1188 1876 1251 1913 ac
1275 1857 1570 1933 majoribus
1596 1858 1757 1926 rebus
1787 1857 2076 1936 diligenter

381 1954 516 2011 adeo
561 1976 848 2033 severeque
885 1958 1064 2037 rexit,
1108 1970 1168 2013 ut
1213 1959 1505 2033 pistorem,
1548 1956 1715 2014 alium
1762 1979 1929 2033 quam
1971 1959 2074 2014 sibi

381 2073 575 2129 panem
613 2056 853 2112 convivis
891 2056 1261 2133 subjicientem
1280 2101 1294 2128 ,
1327 2055 1677 2134 compedibus
1708 2058 1979 2127 vinxerit3
2014 2057 2076 2112 li-

379 2153 595 2209 bertum
650 2155 1045 2231 gratissimum,
1095 2156 1165 2212 ob
1215 2154 1571 2213 adulteratam
1621 2158 1817 2232 equitis
1864 2159 2075 2213 romani

381 2272 636 2325 uxorem,
679 2255 940 2329 quamvis
967 2253 1120 2311 nullo
1161 2268 1450 2331 querente,
1495 2255 1710 2333 capitali
1753 2277 1910 2333 poena
1950 2256 2076 2312 affe-

379 2351 528 2406 cerit.

458 2450 656 2506 XLIX.
698 2450 977 2508 Pudicitiae
1021 2454 1135 2529 ejus
1181 2453 1378 2509 famam
1429 2452 1568 2509 nihil·
1614 2453 1832 2529 quidem
1879 2467 2074 2530 praeter

379 2545 689 2630 Nicomedis
717 2550 1133 2607 contubernium
1167 2551 1329 2622 laesit,
1362 2553 1512 2628 gravi
1543 2564 1727 2608 tamen
1759 2566 1813 2608 et
1843 2555 2069 2629 perenni

380 2646 700 2721 opprobriO,
719 2659 773 2705 et
787 2647 855 2703 ad
875 2650 1119 2705 omnium
1141 2651 1386 2727 convicia
1405 2652 1664 2727 exposito.
1685 2653 1896 2708 Omitto
1917 2651 2072 2708 Calvi

378 2743 575 2798 Licinii
607 2745 910 2805 notissimos
940 2768 1125 2803 versus
1158 2769 1170 2803 z

759 2946 865 2959 .......
878 2915 1088 2975 Bithynia
1118 2917 1345 2985 quidquid

534 2988 592 3032 Et
617 2989 866 3047 paedicator
891 2991 1078 3037 Caesaris
1109 3009 1310 3053 unquam
1331 2995 1506 3040 habuit.

375 3141 640 3195 Praetereo
675 3142 908 3198 actiones
939 3141 1233 3198 Dolabellae
1265 3155 1318 3199 et
1349 3145 1603 3202 Curionis
1635 3148 1826 3223 patriS,
1862 3148 1917 3201 in
1952 3150 2067 3223 qui-

377 3236 474 3291 bus
521 3258 644 3292 eum
686 3237 965 3295 Dolabella
988 3241 1232 3318 pellicem
1269 3244 1474 3318 reginoe
1488 3287 1506 3313 ,
1543 3244 1812 3322 spondam
1847 3247 2064 3301 interio-

2351 1907 2361 1914 ;
2348 1840 2360 1870 ‘b
2351 1811 2361 1829 a
2347 1662 2364 1780 41.»ωῆ
