2372 3918
887 284 1212 332 elimenta.
1822 288 1909 347 169

215 401 465 457 introisse
491 419 546 455 se
571 417 694 454 cum
725 395 962 473 pugione
993 390 1308 450 cubiculum
1330 391 1530 447 Tiberii
1562 392 1908 464 dormientis,

205 515 290 575 et,
307 496 678 559 misericordia
697 506 1035 572 correptum,
1061 493 1273 569 abjecto
1299 491 1446 548 ferro
1472 494 1749 549 recessisse
1772 514 1784 548 ε
1811 513 1910 549 nec

208 601 395 673 illum,
432 615 764 676 quamquam
802 593 1087 665 sensisset,
1126 604 1221 650 aut
1262 592 1540 669 inquirere
1584 592 1907 670 quicquam,

204 714 301 759 aut
333 698 553 776 exsequi
585 716 798 754 ausum.
826 719 855 748 »
889 759 892 763 ¹

281 802 433 857 XIII.
463 798 552 856 Sic
576 796 867 874 imperium
893 793 1146 872 adeptuS‚
1171 790 1441 872 populum
1474 810 1795 864 romanum,
1823 790 1909 847 vel

202 900 380 957 dicam
404 897 691 954 hominum
721 915 919 973 genu8‚
948 894 1060 950 voti
1092 904 1401 971 compotem
1432 891 1586 964 fecit,
1616 893 1913 970 exoptatis-

183 1000 371 1074 simus
394 998 646 1075 princeps
668 994 917 1052 maximae
940 992 1083 1072 parti
1109 991 1527 1070 provincialium
1556 1012 1620 1048 ac
1645 990 1879 1048 militum
1894 1033 1913 1068 ζ

202 1098 352 1177 quod
394 1097 659 1154 infantem
693 1094 940 1174 plerique
977 1105 1379 1172 cognoverant3
1418 1091 1510 1149 sed
1553 1105 1610 1149 et
1646 1093 1914 1149 universae

201 1197 346 1276 plebi
370 1198 590 1254 urbanae
613 1196 683 1253 ob
707 1196 1026 1251 memoriam
1050 1194 1367 1251 Germanici
1393 1194 1589 1270 patris,
1608 1194 1914 1249 miseratio-

204 1318 437 1375 nemque
459 1317 631 1375 prope
654 1295 866 1352 afssictae
890 1295 1100 1352 domus.
1125 1298 1318 1371 Itaque
1339 1304 1400 1349 ut
1424 1314 1455 1349 a
1476 1293 1691 1349 Miseno
1717 1294 1915 1365 movit,

209 1400 456 1475 quamvis
491 1396 726 1475 lugentis
761 1396 952 1452 habitu
972 1438 987 1467 ,
1027 1408 1082 1451 et
1115 1394 1278 1450 funus
1310 1393 1514 1450 Tiberii
1548 1414 1878 1471 prosequens
1900 1437 1916 1466 ‚

211 1511 394 1554 tamen
426 1498 565 1554 inter
587 1496 779 1553 altaria
807 1509 863 1552 et
886 1497 1159 1568 victimas,
1187 1493 1545 1573 ardentesque
1576 1494 1752 1567 tedas,
1780 1493 1914 1550 den-

209 1597 422 1654 sissimo
464 1609 519 1654 et
562 1596 837 1653 laetissimo
877 1597 1167 1653 obviorum
1211 1596 1426 1674 agmine
1467 1596 1715 1668 incessit,
1756 1616 1919 1673 super

208 1696 387 1753 fausta
418 1697 602 1753 omina
629 1696 787 1753 sidus
825 1708 876 1752 et
906 1695 1128 1776 pullum
1169 1708 1222 1752 et
1247 1715 1509 1776 pappum
1541 1707 1594 1752 et
1630 1695 1916 1752 alumnum

207 1794 621 1873 appellantium.

287 1899 437 1954 XIV.
479 1900 843 1975 Ingressoque
885 1898 1128 1969 Urbem,
1168 1899 1353 1955 statim
1393 1918 1661 1955 consensu
1703 1908 1921 1954 senatus

207 2008 260 2053 et
285 1996 641 2074 irrumpentis
665 1998 720 2053 in
756 1999 964 2053 curiam
989 1984 1186 2070 turbae,
1209 1999 1363 2056 irrita
1383 2000 1588 2056 Tiberii
1614 1997 1921 2070 voluntate,

209 2098 303 2173 qui
343 2107 669 2154 testamento
718 2095 950 2155 alterum
993 2112 1251 2177 nepotem
1293 2121 1493 2174 suum,
1539 2112 1923 2178 praetextatum

209 2197 414 2271 adhuc,
437 2198 759 2255 coheredem
789 2199 837 2255 ei
867 2198 1116 2274 dederat,
1136 2203 1227 2279 jus
1250 2202 1650 2278 arbitriumque
1674 2203 1925 2258 omnium

209 2317 394 2353 rerum
418 2295 496 2353 illi
521 2298 845 2375 permissum
871 2312 982 2373 est,
1010 2312 1162 2357 tanta
1189 2300 1409 2379 publica
1436 2299 1645 2373 laetitia,
1665 2313 1727 2358 ut
1751 2301 1926 2358 tribus

209 2399 467 2475 proximis
498 2400 775 2456 mensibus
804 2444 818 2472 ,
853 2421 916 2457 ac
950 2421 1020 2457 ne
1057 2403 1183 2459 totis
1219 2401 1440 2479 quidem
1461 2445 1476 2474 ,
1511 2423 1676 2480 supra
1705 2414 1927 2459 centum

212 2499 491 2577 sexaginta
548 2498 720 2556 millia
775 2502 1125 2558 victimarum
1185 2523 1320 2559 caesa
1373 2502 1679 2558 tradantur.
1739 2503 1928 2575 Quum

214 2598 414 2655 deinde
450 2621 651 2678 paucos
683 2614 807 2679 post
838 2600 1036 2658 diesin
1068 2603 1344 2681 proximas
1380 2603 1694 2679 Campaniae
1724 2601 1929 2658 insulas

214 2699 541 2775 trajecisset,
570 2712 697 2756 vota
730 2722 831 2778 pro
864 2702 1046 2758 reditu
1076 2715 1326 2781 suscepta
1357 2714 1510 2776 sunt3
1545 2724 1613 2759 ne
1646 2703 1930 2759 minimam

217 2799 441 2874 quidem
479 2801 819 2856 occasionem
861 2822 1139 2878 quoquam
1174 2804 1461 2859 omittente
1497 2804 1554 2859 in
1592 2801 1931 2859 testificanda

218 2897 585 2956 sollicitudine
627 2912 681 2957 et
720 2922 853 2957 cura
893 2901 959 2957 de
1001 2901 1375 2959 incolumitate
1418 2905 1551 2981 ejus.
1583 2906 1664 2961 Ut
1706 2924 1832 2960 vero
1875 2904 1932 2959 in

219 2998 504 3055 adversam
546 2999 913 3058 valetudinem
962 3001 1188 3071 incidit,
1234 3004 1683 3082 pernoctantibus
1722 3003 1933 3059 cunctis

223 3100 367 3155 circa
411 3097 709 3177 palatium,
745 3122 857 3158 non
898 3101 1221 3174 defuerunt,
1260 3104 1388 3179 qui,
1431 3102 1839 3181 depugnaturos
1878 3121 1934 3157 se

226 3200 389 3255 armis
420 3220 521 3277 pro
551 3200 724 3258 salute
756 3204 885 3279 aegri
905 3246 920 3275 ,
951 3205 1155 3280 quique
1186 3205 1366 3281 capita
1401 3225 1496 3260 sua
1533 3202 1693 3260 titulo
1730 3223 1933 3280 propo-

225 3300 327 3355 sito
371 3314 647 3358 voverent.
696 3304 929 3360 Accessit
973 3304 1041 3360 ad
1085 3306 1409 3361 immensum
1453 3306 1653 3362 civium
1693 3325 1934 3360 amorem
