2372 3918
1072 244 1291 292 GALBA.
2031 262 2054 303 7

317 380 341 407 «
369 353 518 432 quod
555 374 721 411 nemo
751 352 1019 410 rationem
1043 350 1142 406 otii
1172 349 1257 407 sui
1288 348 1515 407 reddere
1537 363 1844 429 cogeretur.
1867 377 1893 405 υ
1920 355 2057 410 Car-

320 455 543 533 thagine
570 474 713 515 nova
734 462 1068 511 conventum
1091 471 1261 529 agens
1277 492 1293 521 ,
1318 448 1647 508 tumultuari
1677 451 1885 511 Gallias
1910 474 2059 510 com-

319 557 491 633 perit,
530 554 711 634 legato
749 553 1057 631 Aquitaniae
1099 539 1304 608 auxilia
1336 549 1683 630 implorante.
1719 554 2058 630 Supervene-

319 669 449 714 runt
476 669 532 714 et
561 654 815 715 Vindicis
845 652 1072 724 litterae,
1106 652 1411 725 hortantis,
1439 677 1467 705 «
1492 664 1553 710 ut
1586 652 1831 710 humano
1867 655 2051 732 generi

315 769 640 816 assertorem
669 754 978 832 ducemque
1009 774 1066 812 se
1095 752 1555 812 accommodaret.
1580 778 1608 808 ι)
1641 755 1759 812 Nec
1792 753 1887 811 diu
1922 775 2058 812 cun-

316 870 492 916 ctatus
510 899 527 928 ‚
554 855 926 914 conditionem
945 897 961 928 ,
990 854 1192 934 partim
1218 865 1401 925 metu,
1436 854 1642 932 partim
1672 875 1767 933 spe
1785 897 1802 928 ,
1832 856 2056 932 recepit.

318 961 458 1016 Nam
488 971 543 1017 et
585 956 843 1015 mandata
879 956 1119 1015 Neronis
1149 954 1219 1012 de
1253 976 1384 1013 nece
1421 976 1523 1012 sua
1564 954 1634 1012 ad
1669 967 2061 1033 procuratores

315 1057 456 1117 clam
489 1060 653 1116 missa
689 1055 1161 1136 deprehenderat,
1193 1069 1249 1113 et
1281 1056 1720 1114 confirmabatur
1757 1078 1932 1134 quum
1977 1078 2061 1114 se-

314 1143 665 1218 cundissimis
694 1159 950 1237 auspiciis
979 1170 1034 1215 et
1064 1159 1373 1231 ominibuS,
1407 1170 1528 1214 tum
1561 1158 1793 1236 virginis
1820 1158 2063 1215 honestae

316 1262 744 1333 vaticinatione3
767 1270 922 1318 tanto
942 1260 1147 1338 magiS,
1174 1258 1324 1337 quod
1355 1258 1548 1316 eadem
1580 1257 1672 1316 illa
1699 1260 1947 1316 carmina
1973 1281 2061 1317 sa-

317 1362 509 1421 cerdos
530 1363 680 1420 Jovis
703 1360 919 1418 Cluniae
943 1381 1008 1416 ex
1032 1359 1332 1439 penetrali,
1366 1361 1585 1417 somnio
1610 1362 1881 1432 monituS,
1905 1381 2062 1419 erue-

320 1476 435 1534 rat,
470 1476 599 1521 ante
623 1462 891 1520 ducentos
917 1482 1094 1518 annos
1124 1459 1376 1518 similiter
1406 1482 1439 1518 a
1468 1459 1688 1517 fatidica
1717 1459 1904 1539 puella
1933 1483 2063 1540 pro·

317 1566 592 1623 nunciata.
636 1566 895 1638 Quorum
946 1562 1257 1620 carminum
1297 1562 1570 1619 sententia
1612 1573 1762 1632 erat,
1807 1586 1835 1613 τι
1869 1563 2062 1620 Oritu-

315 1688 436 1724 rum
485 1650 821 1744 quandoque
867 1686 932 1720 ex
983 1664 1249 1741 Hispania
1295 1663 1602 1741 principem
1657 1661 2061 1741 dominumque

305 1788 517 1825 rerum.
549 1791 575 1820 »

393 1871 462 1926 X.
500 1869 679 1947 Igitur
711 1889 884 1945 quum
932 1869 1088 1944 quasi
1127 1866 1546 1923 manumissioni
1588 1878 1881 1923 vacaturus
1922 1886 2059 1923 con-

316 1970 616 2028 scendisset
646 1968 924 2041 tribunal,
957 1969 1258 2048 propositis
1290 1980 1419 2025 ante
1452 1989 1510 2024 se
1541 1967 1931 2025 damnatorum
1963 1989 2061 2026 oc-

314 2074 667 2148 cisorumque
696 2092 727 2127 a
754 2072 978 2128 Nerone
1010 2091 1177 2147 quam
1210 2068 1464 2147 plurimis
1496 2069 1829 2148 imaginibus
1848 2113 1864 2142 ,
1894 2082 1949 2126 et
1975 2070 2064 2126 ad·

315 2184 493 2231 stante
518 2170 691 2229 nobili
718 2192 916 2249 puero,
945 2192 1110 2248 quem
1130 2169 1475 2228 exsulantem
1502 2191 1533 2226 e
1555 2172 1810 2249 proxima
1841 2170 2059 2229 Baleari

319 2272 493 2330 insula
530 2273 603 2329 ob
635 2272 688 2329 id
722 2273 903 2350 ipsum
931 2272 1233 2343 acciverat,
1259 2269 1568 2350 deploravit
1599 2284 1914 2350 temporum
1952 2286 2061 2329 sta-

317 2387 469 2443 tum,
500 2371 987 2449 consalutatusque
1031 2373 1361 2457 imperator,
1403 2396 1430 2424 «
1460 2370 1702 2449 legatum
1740 2393 1796 2428 se
1839 2386 2060 2430 senatus

317 2497 380 2533 ac
408 2474 603 2554 populi
634 2473 881 2546 romani,
901 2498 929 2525 »
955 2473 1231 2551 professus
1267 2485 1366 2529 est.
1407 2473 1545 2529 Dein
1568 2473 1786 2550 justitio
1817 2472 2058 2544 indicto,

318 2600 347 2633 e
370 2576 530 2654 plebe
551 2575 772 2654 quidem
801 2575 1096 2652 provinciae
1123 2572 1366 2652 legiones
1395 2586 1451 2629 et
1480 2572 1684 2630 auxilia
1707 2576 2061 2652 conscripsit,

317 2697 483 2756 super
508 2677 807 2734 exercitum
836 2689 1075 2733 veterem
1107 2674 1341 2754 legionis
1360 2675 1556 2748 unius,
1582 2675 1929 2752 duarumque
1949 2675 2062 2733 ala-

319 2800 472 2846 rum,
501 2790 556 2834 et
582 2777 896 2835 cohortium
920 2777 1086 2833 trium
1116 2798 1127 2831 :
1152 2789 1208 2832 at
1236 2796 1267 2831 e
1296 2775 1634 2853 primoribus
1652 2776 2062 2855 prudentiaque

318 2894 373 2936 et
407 2892 565 2936 aetate
597 2877 986 2957 praestantibus
1006 2921 1020 2948 ,
1055 2875 1204 2933 velut
1237 2877 1412 2933 instar
1443 2888 1694 2947 senatu8‚
1727 2877 1796 2935 ad
1828 2899 1966 2955 quos
1995 2878 2063 2934 de

319 2982 527 3058 majore
557 3000 648 3052 re,
680 2979 895 3058 quoties
925 2999 1063 3055 opus
1092 2989 1263 3050 esset,
1295 2977 1612 3052 referretur,
1658 2979 1912 3035 instituit.
1946 2983 2058 3036 De-

319 3082 448 3161 legit
478 3094 534 3137 et
561 3080 829 3158 equestris
858 3079 1068 3137 ordinis
1092 3080 1324 3157 juvenes
1344 3123 1359 3150 ,
1383 3079 1478 3157 qui
1498 3123 1513 3149 ,
1543 3092 1804 3136 manente
1829 3080 2062 3137 annulo·

321 3204 442 3239 rum
475 3203 768 3238 aureorum
806 3201 943 3251 usu,
979 3182 1195 3238 evocati
1223 3180 1654 3259 appellarentur,
1690 3182 2060 3259 excubiasque

321 3284 463 3340 circa
506 3282 822 3341 cubiculum
855 3304 1013 3339 suum
1051 3284 1168 3340 vice
1204 3281 1438 3339 militum
1471 3296 1713 3360 agerent.
1750 3285 1926 3340 Etiam
1965 3306 2059 3362 per
