2372 3918
420 270 510 322 248
1176 270 1362 317 NOTAE

479 362 685 408 Alterum
709 373 790 407 est.
817 364 888 408 Sc.
924 363 1325 424 amphitheatrum.

483 438 775 495 Didymeum.
805 440 987 501 Nempe
1020 440 1253 502 Apollinis
1276 442 1492 503 Didymei
1516 445 1752 504 templum.
1864 499 1869 501 ,

482 514 594 560 Cu».
631 516 791 560 XXII.
840 517 1001 576 Reges.
1034 516 1232 579 Intellig.
1272 519 1523 579 Agrippam
1572 529 1617 564 et
1649 521 1957 581 Antiochum,
2002 533 2116 571 teste

414 589 582 648 Dion.,
613 605 720 649 ux,
743 606 792 650 p.
826 589 937 637 658.

478 663 609 715 Euro.
633 667 703 712 Ex
733 667 921 712 Homer.
950 668 1123 722 Iliad„
1152 684 1219 727 u,
1254 675 1362 724 204.

479 741 793 799 Majescatem.
820 742 934 799 Dio,
949 743 1030 788 ub.
1047 759 1176 803 sup.,
1201 760 1247 804 p.
1273 744 1367 791 660
1382 761 1394 789 :
1406 753 1499 801 Ζεύς
1524 769 1568 795 τε
1585 749 1683 795 εἶναι
1697 756 1921 796 ἐπλάττετο
1935 787 1946 806 ,
1963 772 1999 796 κ.
2019 772 2056 797 τ.
2079 761 2115 797 λ.

480 819 697 878 Datoque
726 821 952 878 negotio...
982 820 1121 864 lovis.
1155 821 1258 866 Hoc
1288 821 1529 883 negotium
1555 822 1778 867 Memmio
1806 824 1990 883 Regulo
2027 823 2116 869 da-

416 904 516 941 tum
545 910 642 940 esse
667 903 863 940 testatur
895 896 1108 955 Joseph.‚
1130 900 1242 941 Am.
1271 899 1412 952 Iud„
1437 913 1551 956 xix,
1580 914 1598 943 ι
1641 914 1654 942 z
1682 908 1741 947 Οὐ
1772 907 1850 962 μὴν
1880 906 2027 963 ἔπραξέ
2048 922 2116 963 γε,

417 978 703 1035 ἀρχιτεκτόνων
734 980 916 1034 φαμένων
954 979 1048 1034 πρὸς
1075 980 1263 1036 Μέμμιον
1294 971 1505 1037 Ρηγοῦλον,
1529 983 1566 1030 ὃς
1603 984 1850 1023 ἐπετετακτο
1881 987 1931 1037 τῇ
1966 983 2116 1027 κινήσει

418 1060 486 1097 τοῦ
516 1055 622 1106 Διὸς,
642 1055 879 1096 ἀπολεῖσθαι
904 1056 1063 1112 τοῦργον
1087 1057 1277 1105 κινήσεως
1301 1058 1422 1099 αὐτοῦ
1445 1061 1719 1115 γεγενημένης.

480 1124 671 1168 Numini
695 1140 793 1168 suo.
822 1124 939 1181 Dio,
972 1125 1053 1169 ub.
1085 1141 1213 1185 sup.,
1244 1142 1289 1186 p.
1323 1126 1412 1172 661
1450 1143 1462 1171 ε
1489 1136 1606 1183 Γάϊος
1636 1132 1685 1177 δὲ
1718 1135 1918 1178 (wia-2602
1944 1134 2118 1190 ὶξαχθεὶς

415 1205 486 1249 καὶ
508 1208 546 1248 ἐν
578 1209 680 1263 αὐτῇ
703 1213 756 1263 τῇ
774 1197 896 1264 ῥώμῃ
923 1209 1014 1250 ναὸν
1041 1211 1181 1251 ἑαυτοῦ
1204 1211 1510 1254 κατεσκευάκει.

482 1287 663 1331 Hostl'oe
688 1296 834 1330 eram·
861 1287 991 1331 Idem
1007 1322 1021 1344 ‚
1051 1304 1096 1347 p-
1123 1288 1215 1334 662
1243 1305 1255 1332 :
1278 1296 1364 1339 Καὶ
1391 1297 1534 1354 ὄρνιθες
1554 1299 1661 1354 αὐτῷ
1683 1299 1834 1340 ἁπαλοί
1858 1314 1905 1340 τι
1933 1299 2034 1346 τινὲς
2048 1298 2116 1339 καὶ

415 1369 679 1426 πολυτίμητος
703 1373 792 1410 καθ’
819 1370 990 1415 ἑκάστην
1010 1372 1162 1428 ἡμέραν
1190 1373 1356 1415 ἐθύοντο.

481 1438 835 1497 Phoenicopteri.
879 1440 988 1484 Avis
1032 1455 1136 1500 quae
1175 1441 1318 1487 habet
1349 1456 1523 1501 pennas
1558 1442 1714 1486 colore
1747 1440 1983 1502 phoenicio
2021 1457 2034 1485 ε
2069 1442 2118 1486 in

416 1530 536 1575 aqua
561 1530 743 1575 semper
766 1524 859 1572 est3
885 1516 1129 1563 abundans
1153 1517 1201 1562 iu
1223 1518 1394 1563 Africa.
1427 1520 1625 1574 Juven.,
1654 1525 1735 1562 sat.
1761 1533 1839 1575 xi,
1871 1518 1960 1578 139
1982 1535 1994 1562 τ

587 1663 636 1701 Et
661 1661 841 1714 scythicae
865 1663 1063 1710 volucres,
1087 1671 1125 1702 et
1150 1662 1465 1716 phoenicopterus
1488 1661 1636 1713 ingens.

492 1799 753 1844 Tetraones.
779 1799 919 1856 Plin.,
940 1801 1000 1844 Η.
1025 1800 1085 1844 Ν.
1099 1832 1114 1853 ,
1143 1816 1173 1845 x
1190 1834 1203 1856 ,
1235 1815 1294 1844 22
1321 1816 1335 1843 τ
1368 1818 1388 1839 «
1404 1801 1552 1844 Decet
1573 1804 1807 1844 tetraonas
1834 1815 1945 1845 suus
1975 1801 2115 1853 nitor,

418 1876 724 1937 absolutaque
746 1876 935 1938 nigritia
948 1910 963 1934 ‚
985 1876 1034 1920 in
1057 1875 1314 1936 superciliis
1334 1876 1463 1921 cocci
1481 1875 1692 1922 rubor....
1715 1875 1914 1936 gignunt
1932 1891 2013 1921 eos
2031 1878 2116 1921 Al—

415 1965 523 2012 pes,
546 1961 597 1997 et‘
615 1953 989 2012 septentrionalis
1009 1953 1154 2014 regio.
1189 1971 1219 1993 π

481 2029 756 2073 Numidicae.
798 2030 1064 2085 Columell.‚
1111 2030 1171 2072 de
1205 2030 1274 2072 Re
1312 2038 1450 2082 rusa,
1488 2043 1609 2084 vlu,
1646 2042 1673 2072 2
1719 2044 1730 2071 τ
1767 2030 2022 2074 «Africana
2051 2039 2118 2075 est

417 2120 559 2165 quam
587 2105 802 2165 plerique
823 2105 1115 2150 Numidicam
1149 2104 1312 2149 dicunt
1325 2138 1338 2162 ,
1360 2103 1635 2164 Meleagridi
1656 2103 1840 2161 similis,
1874 2105 1964 2150 nisi
1986 2107 2118 2166 quod

415 2180 603 2225 rutilam
642 2183 816 2242 galeam
846 2190 892 2225 et
923 2181 1108 2226 cristam
1131 2180 1179 2224 in
1215 2179 1366 2239 eapite
1391 2179 1538 2239 gerit,
1560 2194 1664 2239 quae
1690 2188 1891 2241 utraque
1927 2189 2034 2226 sunt
2070 2182 2118 2226 in

415 2258 698 2318 Meleagride
728 2259 932 2302 caerulea.
961 2277 980 2297 »

481 2335 807 2394 Meleagrides.
842 2333 963 2378 Vide
984 2336 1146 2391 Puu„
1181 2335 1241 2377 H.
1268 2336 1325 2378 N.
1341 2366 1357 2388 ,
1389 2349 1589 2390 xxxvu,
1615 2348 1657 2377 α.

484 2409 808 2454 Fabulabatur.
835 2409 1024 2468 Ioseph.
1040 2444 1054 2467 ,
1082 2413 1186 2453 Ant.
1209 2411 1318 2454 Jud.
1334 2443 1346 2462 ,
1374 2425 1485 2467 nx,
1517 2426 1535 2453 1
1572 2425 1583 2454 :
1609 2417 1674 2464 Εἷς
1690 2432 1737 2458 τε
1768 2421 1837 2458 τοῦ
1868 2417 1957 2464 Διὸς
1975 2422 2116 2471 φοιτῶν

417 2493 463 2533 τὸ
487 2492 598 2548 ἱερὸν,
624 2494 643 2534 ὃ
666 2492 924 2534 Καπιτώλιον
955 2492 1025 2548 μὲν
1061 2498 1248 2544 καλοῦσι,
1268 2494 1514 2550 τιμιώτατον
1541 2489 1582 2533 δ’
1603 2494 1664 2549 ἄρ’
1686 2493 1823 2539 αὐτοῖς
1851 2490 1955 2533 ἐστὶν
1989 2491 2119 2547 ἱερῶν,

419 2564 588 2624 ἀδελφὸν
611 2569 806 2624 ἐτόλμησε
836 2570 1138 2624 προσαγορεύειν
1170 2569 1235 2610 τὸν
1265 2570 1356 2611 Δία..

483 2647 549 2686 Σέ.
574 2638 645 2683 Ex
668 2639 857 2682 Homer.
884 2638 1031 2681 Iliad.
1048 2670 1061 2689 ‚
1092 2653 1242 2694 xx111‚
1270 2645 1378 2695 724.
1413 2639 1481 2684 Cf.
1505 2639 1701 2695 ὅκῃ-κα,
1724 2641 1785 2683 de
1808 2641 1893 2681 Ira
1909 2671 1924 2692 ,
1953 2655 1994 2694 1,
2018 2653 2116 2697 cap.

418 2715 539 2766 ult.,‘:
570 2713 734 2758 «Sicut
760 2713 810 2756 C.
836 2715 1030 2758 Caesar...
1051 2723 1076 2767 ἢ
1103 2726 1143 2777 μ’
1169 2722 1329 2778 ἀνάειρ’,
1355 2724 1380 2768 ἢ
1413 2722 1488 2777 ἐγώ
1514 2738 1572 2762 σε.
1590 2733 1614 2755 ιο
1637 2715 1825 2775 Vulgat.
1860 2714 1973 2758 dant
2007 2731 2017 2756 :

621 2866 687 2914 Εἰς
714 2866 834 2921 ’γαῖαν
860 2870 1024 2906 Δαναῶν
1048 2866 1184 2920 περοίω
1210 2881 1267 2905 σε.

484 3001 591 3045 Cn».
626 3002 811 3047 XXIII.
855 3003 1053 3060 Ulyxem
1088 3004 1317 3046 stolatum.
1357 3002 1500 3060 Quasi
1530 3001 1749 3048 muliebri
1785 3002 1938 3062 specie
1971 3002 2120 3046 virum

419 3073 606 3133 quidem
633 3065 960 3123 astutissimum
983 3086 1162 3140 tegeret
1202 3080 1331 3124 Stola
1361 3077 1481 3124 enim
1505 3088 1605 3124 erat
1630 3087 1960 3124 matronarum.

484 3150 751 3211 Proesectus.
782 3155 962 3214 Nempe
994 3154 1257 3200 cohortium
1285 3155 1686 3215 praetorianarum.
1720 3155 1841 3201 Vide
1866 3172 1991 3216 sup.,
2024 3170 2116 3199 ιιι.

488 3228 721 3274 fiber-ium.
757 3230 979 3276 Tribunis
1014 3230 1302 3276 adstantibus
1322 3232 1477 3289 jussus
1511 3239 1579 3275 est
1612 3231 1903 3291 semetipsum
1936 3229 2118 3274 interfi-
