2372 3918
755 227 1059 276 OCTAVIUS
1092 227 1427 279 AUGUSTUS.
1852 243 1938 287 ¹⁰7

246 350 333 387 sos
371 331 484 408 jam
529 332 596 389 ad
644 345 845 393 terram
895 329 1321 408 languentesque
1372 352 1550 389 ramos
1603 330 1939 389 convaluisse

243 430 479 488 adventu
523 453 653 504 suo,
692 430 828 488 adeo
869 427 1078 486 laetatus
1120 442 1232 500 est,
1267 442 1331 487 ut
1370 450 1459 489 eas
1500 450 1625 487 cum
1667 430 1942 507 republica

241 531 729 609 Neapolitanorum
751 530 1165 607 permutaverit,
1190 531 1407 588 AEnaria
1431 528 1574 586 data.
1603 528 1940 588 Observabat

239 643 294 687 et
335 632 464 688 dies,
489 630 778 708 quosdam,
817 649 886 685 ne
923 642 1019 691 aut
1057 629 1318 707 postridie
1356 628 1628 687 nundinas
1664 649 1939 706 quoquam

241 730 691 807 proficisceretur,
717 741 814 786 aut
835 730 1010 792 Nonis
1031 730 1324 807 quicquam
1348 730 1427 787 rei
1455 728 1605 786 seriae
1632 727 1941 800 inchoaret3

238 830 374 887 nihil
403 832 458 888 in
484 831 588 890 hoc
615 830 835 907 quidem
863 829 1013 886 aliud
1037 830 1305 903 devitanS,
1330 842 1393 888 ut
1416 829 1484 888 ad
1510 829 1790 889 Tiberium
1813 832 1940 888 scri-

238 930 346 1003 bit,
377 950 540 1007 quam
567 932 868 1005 Συσφημίαν
899 930 1147 987 nominis.

313 1032 513 1087 XCIII.
549 1031 969 1109 Peregrinarum
1006 1030 1427 1088 cerimoniarum
1461 1031 1604 1087 sicut
1636 1042 1842 1088 veteres
1877 1052 1939 1090 ac

233 1141 523 1207 praeceptas
555 1131 984 1187 reverentissime
1022 1129 1224 1203 coluit,
1258 1132 1333 1188 ita
1365 1143 1569 1188 ceteras
1603 1132 1939 1209 contemptui

233 1230 439 1286 habuit.
477 1231 728 1307 Namque
759 1231 988 1294 Athenis
1022 1231 1298 1304 initiatuS,
1333 1253 1505 1310 quum
1534 1244 1720 1309 postea
1751 1235 1939 1289 Romae

235 1350 336 1407 pro
376 1328 635 1387 tribunali
677 1328 746 1406 de
785 1330 1071 1409 privilegio
1115 1331 1456 1389 sacerdotum
1496 1333 1686 1389 Atticae
1728 1333 1939 1389 Cereris

236 1442 612 1506 cognosceret,
645 1441 699 1486 et
738 1429 986 1506 quaedam
1026 1433 1318 1488 secretiora
1359 1444 1821 1509 proponerentur,
1859 1430 1940 1486 di-

233 1529 397 1586 misso
435 1528 662 1586 consilio
701 1542 755 1586 et
794 1552 997 1588 corona
1043 1532 1542 1606 circumstantium,
1582 1530 1728 1588 solus
1768 1531 1941 1588 audiit

233 1628 613 1705 disceptantes.
632 1631 704 1686 At
720 1642 936 1701 contra,
958 1651 1069 1686 non
1093 1631 1255 1687 modo
1275 1634 1331 1688 in
1351 1631 1690 1708 peragranda
1707 1633 1939 1708 AEgypto

231 1727 396 1805 paulo
436 1727 719 1785 deflectere
760 1729 830 1784 ad
870 1730 1155 1786 visendum
1193 1731 1341 1808 Apin
1382 1730 1714 1807 supersedit,
1759 1730 1851 1787 sed
1886 1744 1940 1787 et

232 1828 427 1884 Caium
458 1840 738 1905 nepotem,
767 1828 913 1905 quod
943 1829 1186 1894 Judaeam
1216 1830 1615 1907 praetervehens
1642 1830 1790 1907 apud
1818 1831 1939 1887 Hie-

229 1926 557 2004 rosolymam
586 1948 698 1983 non
727 1927 1109 2007 supplicasset,
1137 1929 1483 1987 collaudavit.

307 2029 504 2084 XCIV.
538 2030 607 2084 Et
644 2028 906 2104 quoniam
944 2030 1014 2086 ad
1051 2030 1166 2088 haec
1204 2044 1428 2088 ventum
1463 2043 1572 2105 est,
1617 2053 1728 2088 non
1771 2032 1840 2089 ab
1879 2053 1939 2088 re

231 2126 395 2183 fuerit
418 2127 726 2199 subtexere,
750 2149 870 2204 quae
893 2129 943 2185 ei
972 2130 1123 2206 prius
1138 2173 1153 2204 ,
1179 2152 1345 2208 quam
1369 2144 1706 2206 nasceretur,
1737 2144 1791 2188 et
1820 2134 1938 2210 ipso

231 2224 398 2282 natali
430 2225 541 2299 die,
573 2246 636 2282 ac
666 2226 918 2304 deinceps
947 2231 1252 2305 evenerint,
1280 2232 1478 2308 quibus
1508 2232 1694 2289 futura
1721 2234 1936 2311 magni-

230 2326 364 2382 tudo
398 2326 514 2403 ejus
557 2337 610 2382 et
651 2339 915 2405 perpetua
953 2327 1179 2387 felicitas
1221 2332 1427 2408 sperari
1464 2333 1934 2410 animadvertique

231 2438 425 2503 posset.
470 2424 693 2484 Velitris
735 2427 1038 2505 antiquitus
1083 2442 1230 2488 tacta
1272 2431 1338 2489 de
1383 2431 1521 2490 coelo
1563 2446 1719 2512 parte
1758 2435 1934 2505 muri,

232 2546 556 2602 responsum
605 2538 718 2598 est,
763 2528 880 2604 ejus
927 2529 1115 2606 oppidi
1160 2531 1333 2587 civem
1378 2532 1707 2610 quandoque
1748 2554 1931 2591 rerum

233 2627 586 2703 potiturum':
621 2648 731 2704 qua
767 2627 965 2686 fiducia
1007 2629 1304 2705 Veliterni,
1346 2645 1401 2689 et
1446 2646 1579 2690 tunc
1623 2635 1836 2708 statim,
1881 2646 1935 2691 et

231 2738 418 2803 postea
452 2727 675 2803 saepiuS,
708 2747 861 2804 paene
898 2728 969 2784 ad
1007 2731 1235 2788 exitium
1268 2734 1382 2806 sui,
1417 2755 1542 2790 cum
1578 2734 1783 2812 populo
1817 2738 1932 2792 Ro-

231 2848 393 2884 mano
433 2825 910 2904 belligeraverunt.
954 2829 1086 2885 Sero
1130 2831 1348 2889 tandem
1389 2834 1728 2893 documentis
1767 2857 1931 2913 appa-

232 2931 372 3000 ruit,
423 2939 701 2984 ostentum
753 2926 887 2985 illud
940 2930 1174 3007 Augusti
1226 2936 1527 3009 potentiam
1575 2936 1927 3013 portendisse.

221 3034 427 3094 Auctor
470 3040 552 3085 est
583 3027 759 3094 Julius
784 3030 1096 3100 MarathuS,
1126 3045 1250 3091 ante
1281 3054 1508 3111 paucOS,
1543 3057 1705 3114 quam
1741 3057 1927 3093 nasce·

221 3145 408 3209 retur,
449 3148 688 3200 menseS,
722 3127 1032 3206 prodigium
1070 3134 1257 3189 Romae
1296 3133 1499 3192 factum
1538 3134 1780 3213 publice,
1816 3157 1930 3214 quo

233 3231 661 3293 denunciabatur
700 3248 879 3303 regem
919 3229 1123 3306 populo
1164 3235 1415 3289 Romano
1451 3247 1703 3291 naturam
1742 3250 1931 3313 partu-
