2372 3918
928 343 1254 390 CLAUDIUS.
1866 357 1892 389 α
1903 360 1921 390 1
1937 360 1956 390 ῐ

238 467 325 511 tus
353 466 408 511 et
437 451 719 532 religiosis.
750 451 866 508 Nec
898 467 1114 526 semper
1145 445 1462 525 praescripta
1498 444 1681 524 legum
1715 460 1960 522 secutus,

238 555 499 611 duritiam
533 552 877 610 lenitatemve
911 546 1237 619 multarum,
1266 567 1333 604 ex
1366 547 1513 603 bono
1543 558 1599 602 et
1624 567 1806 625 aequo,
1837 569 1963 626 per·

236 655 363 711 inde
390 668 453 712 ut
485 652 818 721 afficeretur,
847 647 1163 704 moderatus
1186 659 1283 703 est.
1310 647 1454 704 Nam
1483 658 1539 701 et
1571 646 1663 717 iis,
1686 649 1780 723 qui
1811 647 1960 725 apud

235 756 474 831 privatos
503 751 714 830 judices
730 748 853 828 plus
878 747 1117 826 petendo
1151 744 1389 804 formula
1421 744 1778 817 excidissent,
1808 748 1962 804 resti-

233 856 339 911 tuit
370 854 633 924 actiones3
661 863 715 907 et
747 851 803 906 in
839 850 1046 927 majore
1079 847 1273 904 fraude
1317 847 1624 919 convictOS‚
1657 844 1959 924 legitimam

233 974 451 1033 poenam
481 971 890 1030 supergressuS,
927 949 997 1006 ad
1033 949 1230 1005 bestias
1261 948 1665 1005 condemnavit.

270 1096 276 1101 -
310 1057 432 1111 XV.
476 1055 542 1108 In
579 1049 963 1130 cognoscendo
1009 1061 1193 1105 autem
1221 1069 1285 1105 ac
1316 1047 1664 1105 decernendo
1688 1049 1829 1104 mira
1861 1069 1955 1105 va-

230 1155 423 1210 rietate
452 1154 620 1209 animi
651 1152 783 1224 fuit,
816 1150 982 1208 modo
1015 1151 1444 1226 circumspectus
1472 1161 1527 1206 et
1568 1169 1760 1227 sagax,
1791 1149 1958 1206 modo

228 1252 569 1311 inconsultus
597 1273 660 1308 ac
678 1271 945 1330 praeceps3
967 1270 1367 1327 nonnunquam
1393 1248 1622 1306 frivolus
1642 1251 1959 1327 amentique

229 1354 435 1411 similis.
483 1355 671 1426 Quum
713 1351 962 1408 decurias
1013 1371 1198 1407 rerum
1251 1362 1379 1407 actu
1427 1363 1788 1428 expungeret,
1828 1372 1955 1407 eum

228 1454 358 1531 qui,
399 1451 737 1510 dissimulata
780 1452 1098 1523 vacatione,
1142 1471 1307 1527 quam
1357 1450 1624 1507 beneficio
1654 1450 1953 1507 liberorum

229 1553 493 1625 habebat,
544 1551 928 1629 responderat,
977 1562 1039 1607 ut
1086 1550 1348 1628 cupidum
1387 1550 1675 1627 judicandi
1727 1550 1952 1607 dimisit.

229 1654 414 1712 Alium
442 1649 852 1731 interpellatum
882 1652 951 1708 ab
985 1651 1311 1708 adversariis
1344 1651 1413 1707 de
1455 1653 1678 1730 propria
1707 1650 1830 1725 lite,
1855 1672 1953 1708 ne-

230 1767 584 1833 gantemque,
628 1753 958 1830 cognitionis
1004 1772 1146 1824 rem,
1192 1751 1287 1807 sed
1330 1751 1597 1808 ordinarii
1635 1753 1778 1829 juris
1807 1773 1954 1823 esse,

228 1875 390 1932 agere
423 1875 642 1910 causam
663 1852 952 1910 confestim
976 1851 1127 1929 apud
1157 1872 1214 1907 se
1240 1853 1444 1930 coegit,
1475 1853 1701 1930 proprio
1731 1854 1955 1931 negotio

228 1956 620 2012 documentum
647 1954 931 2023 daturum,
960 1974 1129 2030 quam
1153 1972 1340 2030 aequus
1354 1952 1524 2030 judex
1555 1954 1612 2009 in
1646 1952 1826 2010 alieno
1858 1974 1956 2010 ne-

230 2057 379 2134 gotio
415 2055 635 2112 futurus
672 2067 829 2111 esset.
871 2054 1182 2125 Feminam,
1213 2075 1326 2111 non
1354 2067 1742 2132 agnoscentem
1775 2054 1951 2111 filium

228 2178 416 2225 suum,
446 2155 615 2212 dubia
642 2157 899 2231 utrinque
919 2167 1374 2232 argumentorum
1399 2154 1532 2226 fide,
1564 2155 1635 2211 ad
1655 2155 1953 2212 confessio-

228 2276 351 2311 nem
387 2255 682 2333 compulit,
722 2256 930 2312 indicto
969 2256 1322 2312 matrimonio
1345 2255 1582 2332 juvenis.
1615 2255 1952 2314 Absentihus

226 2357 527 2414 secundum
558 2368 846 2434 praesentes
870 2355 1122 2413 facillime
1153 2356 1342 2429 dabat,
1374 2356 1528 2413 nullo
1559 2356 1802 2431 delectu,
1832 2357 1950 2414 cul-

225 2478 369 2535 pane
398 2458 547 2534 quiS,
578 2478 647 2513 an
673 2456 856 2533 aliqua
887 2457 1228 2528 necessitate,
1260 2470 1534 2513 cessasset.
1567 2456 1950 2514 Proclamante

227 2558 493 2633 quodam,
523 2557 892 2635 praecidendas
921 2556 1142 2613 falsario
1166 2578 1361 2613 manus
1372 2602 1386 2627 ,
1420 2557 1734 2614 carnificem
1764 2559 1947 2614 statim

226 2658 390 2713 acciri
411 2678 535 2714 cum
565 2658 830 2713 machaera
861 2678 1157 2734 mensaque
1185 2656 1452 2731 lanionia,
1484 2658 1765 2736 flagitavit.
1787 2661 1950 2714 Pere-

228 2757 497 2833 grinitatis
543 2778 723 2829 reum,
756 2770 877 2812 orta
909 2758 1049 2813 inter
1083 2758 1378 2815 advocatos
1414 2757 1521 2815 levi
1561 2761 1948 2830 contentione,

226 2868 545 2934 togatumne
572 2877 641 2912 an
674 2855 961 2933 palliatum
987 2856 1166 2913 dicere
1194 2878 1414 2914 causam
1450 2872 1760 2938 oporteret,
1792 2862 1947 2936 quasi

225 2958 537 3034 aequitatem
565 2958 829 3033 integram
863 2968 1172 3029 ostentanS,
1201 2970 1415 3015 mutare
1439 2960 1687 3017 habitum
1722 2961 1946 3038 saepiuS,

226 3070 281 3114 et
322 3070 488 3135 prout
532 3069 878 3114 accusaretur
928 3056 1406 3130 defenderam-ve,
1449 3060 1624 3136 jussit.
1671 3063 1757 3117 De
1805 3081 1946 3136 quo-

227 3157 353 3213 dam
403 3158 570 3213 etiam
628 3157 850 3234 negotio
896 3158 971 3213 ita
1022 3177 1087 3212 ex
1140 3156 1337 3214 tabella
1388 3160 1780 3236 pronunciasse
1832 3180 1946 3215 cre-

226 3258 394 3329 ditur,
427 3257 782 3314 «Secundum
831 3277 923 3313 eos
965 3278 1020 3314 se
1063 3259 1264 3314 sentire
1311 3260 1405 3335 qui
1452 3279 1582 3317 vera
1627 3260 1946 3338 proposuis-

228 3370 409 3413 sent.»
451 3360 684 3435 Propter
733 3377 853 3433 quae
896 3378 1067 3434 usque
1117 3380 1183 3415 eo
1232 3358 1458 3431 eviluit,
1509 3372 1570 3416 ut
1624 3361 1824 3437 passim
1880 3381 1944 3416 ac

1620 3463 1703 3529 14.
