2372 3918
365 259 428 313 98
1046 255 1094 302 C.
1124 257 1420 304 SUETONII

370 380 477 434 qua
514 359 652 416 forte
690 381 879 417 recens
915 359 1213 420 accidisset.
1248 365 1472 438 Itaque,
1508 359 1753 417 locorum
1785 363 1947 433 etiam
1991 385 2089 441 ap-

365 459 753 536 pellationibus
792 461 1043 538 adjectiS‚
1075 464 1313 540 proponi
1357 462 1624 520 solebant.
1670 463 1762 520 Sic
1792 476 1941 521 certe
1976 464 2091 520 col-

365 559 520 618 lectae
546 560 813 639 editasque
835 584 892 620 se
918 563 1123 621 habent
1150 584 1162 621 τ
1185 585 1252 620 ex
1276 564 1477 640 quibus
1501 585 1608 620 non
1638 562 1874 621 alienum
1901 565 2091 637 fuerit,

367 683 530 719 unam
569 675 623 719 et
656 653 915 734 alteram,
958 663 1196 742 exempli
1228 685 1424 737 causa,
1471 664 1541 720 ad
1572 665 1801 721 verbum
1836 665 2040 722 referre
2078 689 2090 722 ε

366 786 393 815 «
421 764 634 821 AEstivo
666 775 911 840 tempore
939 762 1310 823 adolescentes
1336 765 1534 823 urbani
1566 746 1736 843 quum
1764 767 1977 825 Ostiam
2004 788 2093 823 ve·

342 863 586 933 ‘nissent‚
611 862 741 921 litus
770 864 1028 941 ingressi,
1052 864 1346 941 piscatores
1371 866 1652 924 trahentes
1679 878 1793 924 rete
1815 866 2091 934 adierunt,

363 975 417 1023 et
445 965 799 1042 pepigerunt,
831 962 1022 1023 bolum
1057 966 1251 1042 quanti
1288 979 1534 1024 emerent
1571 988 1583 1023 ε
1619 987 1873 1023 nummos
1914 966 2091 1025 solve·
2145 1009 2150 1014 .

363 1077 495 1123 runt
536 1087 548 1121 ε
594 1065 688 1123 diu
733 1078 1218 1143 exspectaverunt,
1267 1066 1400 1126 dum
1444 1068 1583 1127 retia
1628 1069 2090 1127 extraherentur:

361 1164 658 1242 aliquando
687 1167 975 1239 extractiS‚
1002 1167 1165 1243 piscis
1184 1166 1380 1227 -nullus
1414 1167 1611 1240 infuit',
1636 1168 1730 1228 sed
1759 1183 1946 1246 sporta
1969 1172 2090 1226 auri

361 1264 574 1324 obsuta.
634 1270 776 1324 Tum
819 1280 1054 1325 emtores
1098 1268 1285 1326 bolum
1343 1290 1504 1327 suum
1550 1271 1746 1343 aiunt,
1793 1272 2091 1347 piscatores

361 1388 541 1426 suum.
567 1392 595 1420 ))
619 1400 699 1412 --
724 1392 751 1420 «
770 1366 1042 1425 Venalicii
1066 1379 1244 1444 quum
1266 1369 1545 1427 Brundisii
1565 1390 1786 1447 gregem
1810 1370 2089 1428 venalium

356 1490 386 1525 e
416 1470 542 1525 navi
569 1468 898 1541 educerent,
925 1468 1170 1526 formoso
1198 1481 1251 1526 et
1280 1470 1523 1546 pretioso
1550 1491 1751 1546 puer0,
1776 1470 1928 1547 quod
1957 1492 2088 1548 por-

358 1571 549 1628 titores
597 1570 964 1640 verebantur,
1005 1569 1210 1629 bullam
1258 1583 1313 1626 et
1353 1569 1667 1647 praetextaru
1701 1583 1885 1649 togam
1919 1573 2095 1649 impo-

362 1691 519 1727 suere
550 1692 562 1727 :
592 1669 749 1727 facile
792 1669 1066 1728 fallaciam
1115 1670 1381 1729 celarunt.
1422 1673 1655 1750 Romam
1690 1673 1923 1728 ¹venitur
1957 1694 1969 1729 ε
2007 1694 2093 1729 res

363 1773 583 1849 cognita
616 1783 696 1829 est
726 1794 739 1829 ε
774 1772 983 1850 petitur
1011 1793 1168 1849 puer,
1199 1770 1345 1848 quod
1381 1757 1591 1830 domini
1616 1772 1902 1842 voluntate
1929 1772 2095 1831 suerit

358 1870 515 1942 liber,
542 1873 599 1929 in
625 1871 955 1930 libertatem.
981 1897 1008 1928 ω
1035 1871 1185 1929 Olim
1208 1885 1387 1929 autem
1408 1893 1499 1930 eas
1523 1871 1891 1950 appellatione
1916 1894 2092 1950 graeca

356 1966 640 2037 συνθέσεις
666 1973 939 2030 vocabant
967 1994 979 2029 :
1008 1993 1137 2029 mox
1164 1975 1567 2031 controversias
1591 1972 1812 2049 quidam
1829 2016 1844 2043 ‚
1876 1973 1968 2031 sed
1997 1987 2094 2029 aut

357 2076 548 2143 ficum,
586 2085 679 2129 aut
703 2072 1035 2146 jada-iales.
1071 2071 1315 2130 Illustres
1360 2073 1720 2150 professura,
1762 2086 1817 2130 et
1851 2095 2090 2153 quorum

359 2176 625 2231 memoria
671 2172 855 2250 aliqua
899 2185 1070 2230 exstet
1095 2217 1110 2242 ‚
1159 2166 1270 2229 non
1325 2185 1528 2232 temere
1573 2172 1666 2229 alii
1716 2175 2082 2250 reperientur,

353 2295 519 2350 quam
554 2274 620 2329 de
655 2273 855 2350 quibus
885 2273 1115 2331 tradam.
1507 2279 1509 2281 ’

430 2376 501 2431 11.
541 2378 601 2432 L.
639 2372 844 2431 Plotius
877 2372 1084 2433 Gallus.
1124 2376 1208 2431 De
1239 2374 1342 2431 hoc
1365 2375 1560 2432 Cicero
1601 2375 1671 2432 ad
1700 2377 1775 2430 Μ.
1809 2377 2077 2435 Titinium

349 2477 424 2531 sic
450 2474 617 2531 refert
647 2496 658 2530 ε
687 2500 712 2527 α
741 2474 1017 2551 Equidem
1046 2475 1311 2532 memoria
1341 2487 1531 2547 teneo,
1560 2476 1741 2552 pueris
1763 2477 1946 2548 nobiS‚
1971 2478 2085 2554 pri—

350 2560 510 2633 mum,
544 2574 709 2632 latine
755 2574 950 2631 docere
982 2575 1208 2651 coepisse
1260 2578 1320 2631 L.
1353 2574 1589 2634 Plotium
1634 2575 1928 2652 quemdam
1971 2599 1983 2635 ε
2015 2580 2084 2637 ad

350 2695 515 2751 quem
550 2695 719 2751 quum
750 2674 907 2731 fieret
935 2695 1237 2733 concursus
1258 2719 1272 2746 ,
1304 2674 1454 2751 quod
1482 2675 1912 2735 studiosissimus
1942 2678 2089 2754 quis-

349 2794 456 2850 que
500 2773 648 2851 apud
697 2795 823 2831 eum
869 2787 1232 2846 exerceretur,
1279 2774 1566 2846 dolebam,
1602 2777 1736 2835 mihi
1784 2777 1929 2835 idem
1971 2791 2083 2835 non

351 2874 529 2932 licere.
572 2874 916 2933 Continebar
951 2887 1132 2933 autem
1177 2876 1620 2934 doctissimorum
1656 2871 1945 2935 hominum
1979 2899 2078 2935 au-

349 2977 635 3045 ctoritate,
666 2977 760 3052 qui
798 2976 1214 3047 existimabant,
1252 2978 1440 3055 graecis
1483 2980 1970 3039 exercitationibus
2006 2978 2078 3035 ali

354 3075 544 3134 melius
582 3077 804 3154 ingenia
838 3098 1012 3154 posse.
1040 3100 1066 3128 »
1100 3079 1274 3137 Hunc-
1299 3077 1550 3136 eumdem
1584 3078 1745 3158 (nam
1779 3079 2082 3137 diutissime

357 3176 519 3253 vixit)
549 3179 626 3233 M.
656 3176 865 3236 Coelius
891 3179 947 3235 in
972 3178 1250 3250 oratione,
1276 3199 1441 3255 quam
1476 3200 1577 3255 pro
1609 3200 1664 3234 se
1692 3179 1760 3236 de
1787 3179 1837 3236 vi
1863 3180 2085 3249 habuit,

354 3277 693 3354 significabat
718 3278 950 3335 dictasse
975 3279 1261 3352 Atracin0‚
1293 3281 1597 3336 accusatori
1625 3301 1748 3352 suo,
1775 3281 2045 3337 actionem
2069 3303 2080 3335 :
