2372 3918
1024 268 1218 319 ΟΤΒΟ.
1948 280 1961 307 ι
1976 278 1999 319 7

262 406 430 456 num,
464 397 519 441 et
550 384 820 440 minorem
856 380 1109 436 Marcum
1145 369 1541 450 cognominem
1583 369 1705 425 sibi.
1749 368 1903 426 Tulit
1947 382 2004 426 et

263 485 430 543 filiam
449 529 464 558 ,
499 504 667 563 quam
702 478 930 539 vixdum
966 471 1216 532 nubilem
1243 473 1463 540 DruSO,
1493 470 1814 529 Germanici
1851 468 1967 527 filio
1986 512 2002 542 ,

263 586 574 666 despondit.

343 691 418 746 II.
450 687 601 746 Otho
635 685 935 761 imperator
966 696 1027 734 ιν
1055 673 1315 733 kalendas
1347 674 1517 730 maias
1546 685 1710 731 natus
1744 685 1861 744 est,
1895 675 2006 730 Ca-

264 787 417 846 millo
436 783 731 853 Arruntio,
748 777 999 839 Domitio
1015 775 1360 847 AEnobarbO,
1392 774 1733 832 consulibus.
1755 777 1803 832 A
1822 774 2007 852 prima

263 885 629 947 adolescentia
659 880 928 961 prodigus
959 898 1023 935 ac
1060 897 1300 956 procax,
1330 875 1503 949 ade0,
1537 887 1600 933 ut
1637 868 1784 952 saepe
1818 873 2007 953 flagris

265 990 654 1067 objurgaretur
682 1003 714 1039 a
742 993 918 1060 patre.
955 978 1263 1037 Ferebatur
1295 990 1351 1034 et
1377 977 1568 1055 vagari
1597 975 1857 1033 noctibus
1881 974 2009 1032 soli-

261 1103 377 1161 tus,
398 1099 564 1164 atque
586 1081 891 1143 invalidum
915 1100 1193 1159 quemque
1221 1079 1516 1135 obviorum
1538 1076 1627 1135 vel
1651 1075 2007 1156 potulentum

261 1189 572 1268 corripere,
608 1207 674 1244 ac
711 1185 955 1243 distento
1005 1203 1138 1261 sago
1182 1182 1506 1261 impositum
1550 1182 1609 1237 in
1648 1180 1886 1238 sublime
1916 1180 2006 1258 ja-

260 1305 427 1348 ctare.
471 1292 605 1347 Post
644 1288 818 1367 patris
862 1283 1065 1343 deinde
1107 1296 1379 1355 mortem,
1416 1281 1735 1339 libertinam
1769 1282 2009 1340 aulicam

263 1393 592 1472 gratiosam,
618 1410 732 1467 quo
753 1386 1031 1445 efficacius
1054 1382 1298 1456 coleret,
1330 1385 1498 1440 etiam
1528 1382 1761 1462 diligere
1788 1384 2012 1443 simula-

263 1495 375 1566 vit,
407 1491 662 1570 quamvis
694 1509 861 1546 anum
890 1508 955 1544 ac
986 1480 1141 1566 paine
1170 1485 1530 1562 decrepitam.
1568 1487 1676 1542 Per
1701 1486 1845 1543 hanc
1874 1488 2010 1544 insi-

265 1605 469 1652 nuatus
496 1593 741 1663 Neroni,
773 1587 929 1646 facile
969 1608 1252 1644 summum
1285 1587 1433 1642 inter
1463 1587 1673 1644 amicos
1705 1586 1892 1645 locum
1926 1602 2010 1646 te-

263 1695 389 1752 nuit
427 1692 791 1772 congruentia
824 1709 1074 1761 morum;
1109 1701 1172 1745 ut
1213 1707 1347 1744 vero
1384 1687 1614 1765 quidam
1655 1688 1926 1761 tradunt,
1957 1705 2015 1748 et

262 1794 664 1853 consuetudine
697 1791 879 1848 mutui
903 1790 1084 1867 stupri
1117 1809 1131 1844 ε
1166 1809 1231 1845 ac
1262 1800 1479 1844 tantum
1514 1789 1767 1867 potentia
1800 1789 2012 1865 valuit,

263 1910 327 1955 ut
352 1896 679 1954 damnatum
699 1891 1021 1971 repetundis
1043 1889 1392 1947 consularem
1419 1892 1630 1961 virum,
1652 1892 1850 1971 ingens
1873 1914 2015 1972 Ρη»-

263 2000 439 2057 mium
469 1979 694 2077 pactuS,
728 1996 883 2074 prius
910 2014 1079 2073 quam
1103 1991 1268 2071 plane
1305 1993 1717 2050 restitutionem
1748 1995 1800 2052 ei
1830 1995 2010 2074 impe-

266 2112 494 2173 trasset,
539 2120 653 2155 non
695 2096 962 2154 dubitarit
1004 2097 1063 2152 in
1103 2107 1358 2152 senatum
1406 2094 1476 2151 ad
1522 2095 1763 2174 agendas
1808 2098 2016 2176 gratias

266 2201 639 2259 introducere.

349 2306 449 2362 III.
477 2304 746 2362 Omnium
771 2315 954 2360 autem
976 2302 1335 2360 consiliorum
1365 2315 1816 2382 secretorumque
1846 2307 2018 2384 parti-

268 2427 429 2485 ceps,
465 2404 587 2478 die,
618 2425 783 2483 quem
815 2404 1074 2460 necandae
1114 2405 1279 2460 matri
1315 2405 1468 2462 Nero
1507 2403 1912 2481 destinaverat,
1946 2407 2019 2465 ad

269 2506 598 2566 avertendas
644 2506 986 2585 suspiciones
1038 2526 1252 2562 coenam
1301 2508 1525 2584 utrique
1578 2508 2020 2584 exquisitissimae

272 2610 547 2668 comitatis
590 2607 760 2665 dedit.
802 2610 944 2666 Item
981 2610 1277 2686 Poppaeam
1322 2608 1615 2681 Sabinam,
1660 2620 1795 2666 tunc
1836 2609 2020 2668 adhuc

273 2712 507 2769 amicam
541 2711 660 2789 ejus
679 2753 695 2783 ,
726 2707 1024 2766 abductam
1064 2709 1264 2765 marito
1283 2753 1298 2782 ,
1337 2708 1842 2789 demandatamque
1871 2712 2019 2769 inte-

274 2814 380 2870 rim
407 2812 511 2869 sibi
530 2855 546 2884 ,
576 2814 899 2890 nuptiarum
931 2810 1113 2887 specie
1135 2810 1359 2887 recepit.
1393 2812 1513 2869 Nec
1542 2813 1859 2890 corrupisse
1887 2833 2023 2870 con-

274 2928 491 2987 tentuS,
535 2913 672 2971 adeo
711 2912 934 2983 dilexit,
979 2925 1041 2969 ut
1084 2933 1153 2968 ne
1195 2910 1423 2970 rivalem
1465 2913 1691 2991 quidem
1736 2916 2022 2973 Neronem

275 3037 433 3095 aequo
463 3015 653 3074 tulerit
676 3015 878 3072 animo,
910 3013 1172 3072 Creditur
1202 3025 1350 3070 certe
1379 3034 1494 3070 non
1528 3014 1696 3072 modo
1730 3015 1926 3073 missos
1952 3015 2024 3073 ad

275 3117 657 3176 arcessendam
688 3137 800 3174 non
828 3117 1101 3195 recepisse
1120 3160 1135 3188 ,
1172 3114 1266 3172 sed
1298 3115 1483 3193 ipsum
1518 3116 1687 3173 etiam
1723 3115 2023 3175 exclusisse

278 3219 560 3298 quondam
589 3239 693 3296 pro
729 3216 943 3275 foribus
976 3217 1318 3289 adstantem,
1351 3218 1788 3295 miscentemque
1814 3217 2023 3276 frustra

280 3322 453 3378 minas
483 3333 538 3378 et
560 3340 751 3399 preces
770 3363 784 3392 ,
811 3340 873 3376 ac
903 3317 1216 3397 depositum
1252 3331 1651 3397 reposcentem.
1684 3320 1902 3393 Quare,
1936 3320 2021 3376 di-

523 3443 584 3479 11.
1747 3443 1777 3478 2
