2372 3918
406 287 409 290 ⁴
426 284 447 311 2
459 270 515 315 30
1177 268 1365 313 NOTAE

421 365 525 409 nisu
574 372 620 409 et
665 362 841 425 agitatu
875 379 1019 424 aquas
1061 378 1146 422 per
1181 360 1410 406 modiolas
1453 366 1595 421 atque
1636 357 1825 402 haustra
1863 353 2115 399 attollebat.

420 440 587 496 Mart„
620 454 695 496 ix,
725 445 806 495 14,
832 444 896 492 4:

583 610 585 613 v
647 584 766 624 Curta
787 582 981 624 laboratas
1002 582 1122 623 antlia
1146 581 1397 641 tollit-aquas.

414 717 492 763 Ad
514 732 683 778 aquam
711 727 864 764 autem
879 718 1022 763 antlia
1044 715 1348 762 hauriendam
1360 712 1572 760 damnari
1587 711 1804 773 supplicii
1819 724 1967 772 genus
1993 720 2113 768 erat,

415 793 544 852 cujus
565 792 774 839 meminit
794 793 1079 839 Artemidor.
1104 805 1174 849 τῆς
1196 801 1375 856 ὀνιιροκρ.
1403 806 1422 836 1
1436 825 1450 848 ,
1481 788 1542 836 50
1567 805 1578 834 ²
1607 790 1717 838 Οἶδα
1739 790 1791 837 δέ
1813 811 1927 846 τινα,
1948 797 1987 845 ὃς
2001 790 2115 845 ἔδοξ·

412 880 483 917 τοῦ
504 876 656 925 παντὸς
681 875 869 934 σώματος
894 879 1053 933 ἅτρεμοι
1078 877 1280 933 μένοντος,
1305 874 1394 923 τοὺς
1416 869 1551 922 πόδας
1574 871 1695 914 αὐτοῦ
1727 871 1865 928 μόνους
1883 868 2114 921 ὃαστοίζειν·

412 950 482 994 καὶ
496 949 723 1009 “pegasum
740 953 811 1010 μὲν
836 950 985 1010 ἕραχὺ,
1000 953 1116 1010 ὅμως
1130 947 1179 993 δὲ
1195 953 1400 993 κινεῖσθαι.
1425 946 1575 995 Συνίῧη
1600 949 1711 1004 αὐτῷ
1729 948 1781 996 εἰς
1802 948 1967 991 ἀντλίαν
1984 964 2112 990 κοιτα-

413 1022 666 1076 &unaco-zm.
1934 1031 1938 1034 .

467 1107 586 1152 Car.
617 1108 718 1153 LII.
742 1108 959 1152 Alterius.
983 1107 1163 1166 Nempe
1184 1106 1340 1151 Drusi.

481 1182 680 1227 Tantum
708 1198 814 1228 non.
837 1184 896 1229 H.
921 1199 959 1228 e.
983 1183 1103 1239 fere,
1130 1190 1184 1226 ut
1203 1183 1299 1241 jam
1328 1182 1607 1242 monuimus.

478 1257 644 1302 Rediit.
678 1257 797 1315 Dio,
831 1274 960 1314 Lvn,
997 1275 1044 1318 p.
1084 1258 1176 1303 618
1201 1275 1212 1302 ε
1238 1265 1379 1308 Αἰγίαν
1406 1266 1476 1322 μὲν
1507 1265 1583 1321 γὰρ
1615 1266 1633 1305 ὁ
1670 1260 1845 1320 Τιὸέριος
1871 1260 2028 1312 naga,
2051 1264 2110 1305 ὅτι

410 1340 513 1396 μήτε
540 1344 745 1390 νοσοῦντος
768 1345 838 1383 τοῦ·
862 1343 1056 1398 Δροῦσου,
1080 1345 1173 1398 μητ’
1197 1343 1463 1389 ἀποθανόντος
1479 1340 1551 1390 ἔξω
1567 1357 1606 1382 τι
1629 1346 1709 1382 τῶν
1737 1340 1908 1385 συνήθων
1936 1338 2082 1396 ἔπραξε
2097 1372 2110 1392 ,

408 1417 512 1473 μήτε
532 1418 615 1466 τοῖς
633 1418 765 1466 ἄλλοις
782 1423 952 1465 ποιῆσαι
983 1418 1206 1475 ἐπέτρεψεν.
1766 1457 1776 1480 ⁸

472 1488 735 1530 Inconsulta
757 1501 821 1531 se.
853 1487 1023 1542 Tacit„
1047 1488 1220 1532 Annal.
1239 1520 1255 1542 ,
1280 1503 1320 1532 11
1335 1521 1349 1544 ‚
1374 1484 1436 1546 59
1473 1502 1484 1528 ε
1510 1506 1530 1526 «
1548 1484 1786 1541 Tiberius,
1810 1486 1939 1529 cultu
1973 1484 2109 1530 habi-

406 1569 555 1622 tuque
584 1561 685 1621 ejus
719 1563 903 1608 lenibus
931 1563 1088 1608 verbis
1116 1562 1394 1623 perstricto,
1428 1562 1650 1607 acerrime
1685 1560 1945 1620 increpuit,
1979 1561 2111 1621 quod

407 1646 569 1684 contra
592 1637 803 1684 instituta
827 1639 1051 1701 Augusti,
1082 1655 1181 1684 non
1204 1647 1372 1699 sponte
1393 1637 1642 1698 principis,
1679 1636 2010 1682 Alexandriam
2032 1637 2108 1682 in-

404 1714 602 1762 troisset.
636 1735 656 1755 »
1996 1757 1999 1759 ,

473 1791 552 1836 Cn.
577 1792 809 1837 Pisonem.
839 1793 981 1838 Tacit.
998 1827 1012 1850 ‚
1034 1792 1172 1850 ibid„
1196 1793 1260 1853 69
1299 1808 1311 1837 ε
1350 1793 1559 1837 «Saevam
1583 1790 1684 1837 vim
1716 1791 1872 1837 morbi
1909 1790 2108 1851 augebat

403 1867 645 1927 persuasio
675 1868 844 1914 veneni
866 1884 894 1916 a
914 1869 1081 1915 Pisone
1108 1868 1301 1929 accepti.
1319 1889 1339 1910 n
1370 1867 1493 1913 Vide
1513 1867 1625 1913 ibid.
1643 1903 1658 1926 ‚
1683 1884 1758 1926 71.

376 1989 379 1995 ,
469 1943 704 1989 Mandata
724 1946 1030 2004 prolaturum.
1055 1945 1231 2001 Tacit.‚
1265 1945 1463 1998 Annal.‚
1505 1959 1596 2002 111,
1640 1945 1696 1989 16
1733 1959 1745 1988 :
1780 1963 1800 1984 n
1824 1943 2004 1988 Audire
2033 1958 2107 1986 me

376 2014 378 2018 ’
402 2018 593 2064 memini
624 2034 700 2072 exj
719 2019 1006 2077 senioribus,
1037 2021 1186 2067 visum
1213 2021 1378 2081 saepius
1411 2021 1534 2065 inter
1568 2036 1731 2065 manus
1752 2019 1932 2065 Pisonis
1967 2019 2106 2063 libel-

401 2097 522 2153 lum,
556 2110 697 2156 quem
718 2095 818 2156 ipse
839 2112 939 2142 non
960 2096 1221 2159 vulgaverit
1233 2114 1246 2154 ;
1276 2097 1358 2143 sed
1380 2096 1553 2142 amicos
1573 2097 1675 2155 ejus
1697 2095 2001 2151 dictitavisse,
2024 2095 2108 2139 lit-

402 2180 524 2218 teras
537 2171 714 2217 Tiberii
738 2181 784 2217 et
796 2174 1016 2220 mandata
1037 2174 1087 2218 in
1110 2174 1438 2219 Germanicum
1461 2174 1700 2219 continere
1713 2209 1725 2231 ‚
1751 2188 1804 2217 ac
1828 2172 2106 2217 destinatum

398 2263 619 2309 promere
641 2249 768 2309 apud
787 2258 968 2310 patres,
1002 2250 1360 2311 principemque
1393 2250 1686 2309 arguere,-ni
1709 2252 1863 2295 elusus
1888 2263 1915 2294 a
1937 2248 2107 2306 Sejano

400 2336 487 2384 per
514 2339 636 2370 vana
672 2325 899 2385 promissa
936 2327 1081 2384 foret3
1111 2342 1199 2372 nec
1234 2327 1364 2372 illum
1402 2335 1568 2386 sponte
1607 2325 1907 2381 exstinctum,
1946 2339 2107 2370 verum

399 2400 602 2447 immisso
625 2417 912 2462 percussore.
930 2423 955 2445 :a
1765 2456 1769 2463 Ἴ

466 2477 578 2523 Nisi
600 2494 659 2524 ea
691 2489 884 2524 secreta.
911 2478 1036 2525 Huic
1060 2480 1166 2525 loco
1189 2479 1510 2536 subobscure,
1539 2479 1762 2538 varieque
1794 2494 1821 2523 a
1847 2478 1973 2523 doct.
1997 2476 2108 2521 viris

400 2562 579 2600 tentato
596 2589 609 2612 ‚
638 2556 797 2601 lumen
819 2556 1045 2601 affertcl.
1075 2559 1201 2601 Hase
1223 2573 1238 2599 .-
1266 2577 1287 2599 «ι
1306 2557 1407 2602 Nisi
1436 2556 1486 2601 id
1512 2556 1692 2616 ipsum,
1723 2554 1856 2615 quod
1893 2569 1946 2600 ea
1974 2568 2107 2598 man-

400 2630 509 2677 data
545 2641 723 2677 secreto
763 2632 871 2677 data
909 2641 1039 2677 erant
1055 2667 1068 2687 ‚
1095 2633 1372 2690 obstaret,...
1404 2632 1621 2679 Tiberius
1661 2647 1761 2676 non
1794 2631 1892 2690 ipse
1923 2646 2004 2674 ore
2032 2630 2105 2674 vel

401 2707 626 2752 codicillis
659 2708 877 2753 mandata
905 2709 984 2753 illa
1018 2708 1174 2754 Pisoni
1205 2709 1421 2766 dederat;
1452 2710 1533 2754 sed
1566 2725 1652 2768 pet·
1682 2708 1798 2754 alios
1835 2717 1881 2752 et
1909 2715 2002 2751 tam
2030 2722 2106 2751 se·-

401 2791 552 2840 creto‚
577 2792 631 2828 ut
652 2792 894 2829 auctorem
916 2783 1055 2830 sciret
1086 2785 1278 2844 quidem
1300 2784 1427 2844 Piso,
1451 2771 1537 2830 sed*
1555 2784 1760 2844 prodere
1775 2798 1874 2828 non
1895 2789 2066 2842 posset.
2085 2801 2104 2822 υ

466 2860 561 2903 Per
583 2874 703 2920 quoe.
726 2861 819 2904 Pro
853 2876 1024 2920 quare,
1066 2860 1199 2920 quod
1233 2876 1329 2905 non
1365 2862 1504 2906 semel
1537 2859 1742 2906 occurrit
1777 2858 1906 2918 apud
1934 2858 2107 2902 Sueto-

400 2952 543 2981 mum.

465 3014 573 3057 Cn.
601 3013 724 3057 L111.
750 3013 1023 3057 Existimas.
1050 3013 1159 3058 Haec
1180 3013 1244 3058 ita
1266 3029 1412 3075 graece
1437 3012 1697 3073 suspicatur
1718 3011 1898 3057 Canter.
1913 3044 1926 3067 ,
1943 3011 2000 3054 N.
2026 3011 2104 3062 L,

400 3103 472 3144 vr,
509 3087 590 3144 26,
614 3087 846 3147 probante
869 3088 990 3148 Lips.
1023 3089 1084 3134 ad
1106 3088 1280 3146 Tacit.,
1312 3091 1484 3134 Annal.
1502 3122 1516 3142 ‚
1548 3105 1613 3144 xv,
1639 3089 1697 3135 52
1726 3104 1736 3131 ε

627 3242 673 3281 Ei
702 3242 756 3297 μὴ
781 3243 958 3297 zermig.
983 3242 1148 3291 τεκνίον,
1171 3239 1395 3296 ὑῧρίζεσθαι
1421 3238 1562 3288 δοκοῖς.
