2372 3918
386 254 475 307 254
1047 251 1094 296 C;
1125 251 1410 297 SUETONII

384 368 502 412 cata
524 355 810 426 conflavit;
832 356 886 410 in
910 355 992 410 his
1020 356 1295 431 penatium
1325 353 1546 409 deorum
1565 393 1581 424 ,
1608 370 1726 427 quae
1744 371 1870 407 mox
1887 350 2062 408 Galba

384 455 634 510 restituit.

461 554 716 608 XXXIII.
749 551 1043 609 Parricidia
1077 563 1131 607 et
1168 552 1333 609 caedes
1362 572 1392 608 a
1423 550 1649 609 Claudio
1680 570 1898 605 exorsus
1937 562 2019 605 est
2049 571 2061 604 :

384 652 534 727 cujus
564 653 705 708 necis
737 654 835 708 etsi
862 672 973 707 non
1003 663 1212 724 auctor,
1246 663 1302 707 at
1336 652 1582 707 conscius
1610 650 1740 720 fuit;
1766 669 1939 725 neque
1960 648 2065 705 dis-

383 749 717 822 simulanter,
752 762 813 805 ut
839 751 932 826 qui
959 748 1197 820 boletOS,
1230 751 1286 806 in
1318 771 1426 826 quo
1454 750 1559 806 cibi
1588 769 1778 827 genere
1799 768 2063 804 venenum

382 852 426 904 is
470 860 782 925 acceperat,
817 849 971 924 quasi
1003 847 1225 904 deorum
1259 850 1438 905 cibum
1459 892 1474 920 ,
1508 849 1734 926 posthac
1775 847 2064 924 proverbio

382 967 553 1022 graeco
591 946 897 1003 collaudare
928 948 996 1003 sit
1025 946 1229 1003 solitus
1264 950 1424 1004 Certe
1451 948 1698 1003 omnibus
1729 967 1912 1002 rerum
1943 966 2063 1001 ver-

380 1045 680 1128 borumque
726 1044 1063 1102 contumeliis
1103 1057 1379 1102 mortuum
1417 1047 1708 1103 insectatus
1746 1058 1855 1117 est,
1903 1045 2066 1100 modo

380 1142 644 1214 stultitiae,
661 1144 823 1200 modo
846 1146 1057 1201 saevitiae
1078 1165 1323 1222 arguens,
1343 1147 1484 1203 Nam
1501 1158 1555 1200 et
1570 1150 1776 1201 morari
1788 1165 1909 1200 eum
1928 1146 2067 1200 inter

381 1243 628 1300 homines
673 1243 902 1315 desisse,
941 1244 1207 1321 producta
1248 1246 1423 1321 prima
1472 1242 1699 1321 syllaba,
1730 1244 2016 1320 jocabatur
2052 1266 2063 1297 :

379 1341 655 1416 multaque
692 1341 903 1398 decreta
932 1355 986 1398 et
1016 1345 1336 1414 constituta,
1371 1355 1430 1398 ut
1458 1343 1756 1418 insipientis
1785 1354 1947 1416 atque
1981 1342 2070 1398 de-

380 1438 497 1510 liri,
525 1460 625 1515 pro
655 1441 820 1496 irritis
859 1441 1067 1497 habuit.
1097 1442 1347 1516 Denique
1374 1441 1595 1496 bustum
1623 1441 1737 1515 ejus
1771 1440 2035 1516 consepiri
2054 1482 2067 1508 ,

379 1539 483 1594 nisi
511 1538 705 1595 humili
732 1538 943 1615 levique
973 1541 1234 1610 maceria,
1259 1539 1511 1617 neglexit.
1537 1539 1936 1609 Britannicum,
1958 1559 2065 1593 non

379 1637 556 1692 minus
589 1637 929 1694 aemulatione
958 1640 1104 1694 vocis
1115 1681 1130 1710 ,
1155 1658 1273 1714 quae
1299 1637 1377 1693 illi
1402 1637 1697 1714 jucundior
1727 1637 2068 1714 suppetebat,

378 1755 542 1811 quam
571 1748 746 1806 metu,
777 1758 844 1792 ne
877 1736 1201 1813 quandoque
1233 1736 1378 1812 apud
1405 1737 1686 1792 hominum
1721 1738 1947 1812 gratiam
1981 1756 2069 1811 pa-

379 1846 533 1889 terna
563 1838 821 1890 memoria
853 1826 1195 1910 praevaleret,
1229 1855 1438 1890 veneno
1465 1855 1747 1912 aggressus
1774 1848 1866 1890 est.
1902 1834 2066 1906 Quod

378 1945 654 2008 acceptum
671 1953 701 1987 a
718 1933 951 2008 quadam
967 1936 1202 1989 Locusta
1214 1977 1229 2004 ,
1248 1935 1655 1989 venenariorum
1673 1933 1854 1989 inclita
1866 1976 1881 2005 ,
1898 1953 2066 2009 quum

377 2032 632 2107 opinione
664 2031 870 2106 tardius
901 2033 1146 2103 cederet,
1169 2045 1357 2088 ventre
1381 2033 1541 2087 modo
1573 2034 1868 2088 Britannici
1890 2044 2067 2104 moto;

377 2133 683 2188 arcessitam
714 2132 992 2188 mulierem
1013 2154 1109 2189 sua
1133 2154 1297 2189 manu
1328 2134 1652 2201 verberavit,
1687 2153 1941 2209 arguenS,
1969 2154 2068 2209 pro

377 2253 585 2288 veneno
611 2232 912 2288 remedium
945 2233 1150 2290 dedisse
1185 2255 1197 2289 ε
1225 2234 1641 2308 excusantique,
1672 2235 1850 2288 minus
1882 2233 2067 2288 datum

377 2330 446 2386 ad
468 2329 844 2387 occultandam
864 2332 1116 2388 facinoris
1137 2333 1420 2404 invidiam3
1445 2356 1470 2384 «
1486 2335 1650 2403 Sane,
1671 2355 1698 2383 2>
1728 2332 1930 2406 inquit,
1958 2355 1983 2381 «
2000 2329 2069 2385 le-

375 2450 496 2506 gem
536 2429 734 2486 Juliam
776 2432 940 2487 timeo
975 2452 1045 2487 ε»
1084 2434 1365 2508 coegitque
1402 2451 1456 2485 se
1497 2450 1679 2485 coram
1720 2431 1776 2484 in
1819 2429 2067 2484 cubiculo

376 2550 539 2604 quam
560 2580 562 2582 .
585 2542 763 2605 posset
803 2530 1197 2586 velocissimum
1238 2532 1300 2584 ac
1341 2529 1772 2605 Praesentaneum
1816 2549 2066 2604 coquere.

374 2628 583 2683 Deinde
628 2630 684 2683 in
728 2629 881 2684 haedo
922 2641 1201 2704 expertuS,
1232 2639 1517 2704 postquam
1547 2629 1592 2683 is
1631 2625 1883 2704 quinque*
1908 2629 2068 2683 horas

375 2727 672 2803 protraxit,
706 2728 904 2783 iterum
931 2749 993 2784 ac
1017 2729 1208 2804 saepius
1244 2739 1517 2783 recoctum
1535 2770 1550 2798 ,
1580 2726 1819 2803 porcello
1851 2727 2063 2803 objecit.

377 2827 503 2898 Quo
524 2827 706 2881 statim
727 2828 1061 2899 exanimatO,
1086 2826 1270 2882 inferri
1295 2828 1350 2881 in
1375 2825 1698 2895 triclinium,
1720 2826 1946 2902 darique
1971 2847 2066 2881 coe-

378 2925 527 2980 nanti
556 2945 736 2981 secum
766 2927 1078 2982 Britannico
1110 2921 1408 3003 imperavit.
1434 2928 1504 2981 Et
1537 2946 1705 3001 quum
1735 2923 1823 3004 ille
1856 2925 1925 2980 ad
1959 2925 2065 2999 pri-

379 3045 528 3079 mum
559 3036 775 3102 gustum
812 3025 1157 3095 concidisset,
1187 3024 1444 3080 comitiali
1477 3026 1669 3079 morbo
1695 3045 1757 3079 ex
1784 3006 2063 3079 consuetu-

305 3148 311 3157 ·
378 3123 503 3179 dine
551 3136 862 3200 correptum
903 3124 1048 3201 apud
1087 3125 1337 3179 convivas
1361 3122 1688 3194 ‘ementitu8,
1726 3135 1943 3199 postero
1975 3121 2061 3175 die

376 3222 572 3297 raptim
602 3224 742 3278 inter
766 3224 1026 3280 maximos
1050 3222 1247 3278 imbres
1278 3222 1609 3278 translaticio
1637 3211 1825 3276 extulit
1854 3220 2057 3275 funere.
