<?xml version="1.0" encoding="UTF-8"?>
<!DOCTYPE html PUBLIC "-//W3C//DTD XHTML 1.0 Transitional//EN"
    "http://www.w3.org/TR/xhtml1/DTD/xhtml1-transitional.dtd">
<html xmlns="http://www.w3.org/1999/xhtml" xml:lang="en" lang="en">
 <head>
  <title>
</title>
<meta http-equiv="Content-Type" content="text/html;charset=utf-8" />
  <meta name='ocr-system' content='tesseract 3.04.00' />
  <meta name='ocr-capabilities' content='ocr_page ocr_carea ocr_par ocr_line ocrx_word'/>
</head>
<body>
  <div class='ocr_page' id='page_1' title='image "./operasuet00suetuoft_0183.png"; bbox 0 0 2372 3918; ppageno 0'>
   <div class='ocr_carea' id='block_1_1' title="bbox 916 274 1929 327">
    <p class='ocr_par' dir='ltr' id='par_1_1' title="bbox 916 274 1929 327">
     <span class='ocr_line' id='line_1_1' title="bbox 916 274 1929 327; baseline -0.007 1"><span class='ocrx_word' id='word_1_1' title='bbox 916 281 1215 327; x_wconf 85' lang='lat' dir='ltr'><strong>TIBERIUS.</strong></span> <span class='ocrx_word' id='word_1_2' title='bbox 1843 293 1859 322; x_wconf 87' lang='lat'>1</span> <span class='ocrx_word' id='word_1_3' title='bbox 1869 274 1896 321; x_wconf 86' lang='lat'>5</span> <span class='ocrx_word' id='word_1_4' title='bbox 1905 275 1929 321; x_wconf 82' lang='grc'><strong>5</strong></span> 
     </span>
    </p>
   </div>
   <div class='ocr_carea' id='block_1_2' title="bbox 219 379 1955 3373">
    <p class='ocr_par' dir='ltr' id='par_1_2' title="bbox 223 379 1931 766">
     <span class='ocr_line' id='line_1_2' title="bbox 302 379 1931 461; baseline -0.002 -19"><span class='ocrx_word' id='word_1_5' title='bbox 302 389 495 443; x_wconf 92' lang='lat' dir='ltr'><strong>LXIV.</strong></span> <span class='ocrx_word' id='word_1_6' title='bbox 541 387 755 443; x_wconf 91' lang='lat' dir='ltr'><strong>Nurum</strong></span> <span class='ocrx_word' id='word_1_7' title='bbox 784 404 848 440; x_wconf 88' lang='lat' dir='ltr'><strong>ac</strong></span> <span class='ocrx_word' id='word_1_8' title='bbox 874 394 1101 461; x_wconf 88' lang='lat' dir='ltr'><strong>nepotes</strong></span> <span class='ocrx_word' id='word_1_9' title='bbox 1128 401 1411 459; x_wconf 89' lang='lat' dir='ltr'><strong>nunquam</strong></span> <span class='ocrx_word' id='word_1_10' title='bbox 1442 381 1600 438; x_wconf 87' lang='lat' dir='ltr'><strong>aliter</strong></span> <span class='ocrx_word' id='word_1_11' title='bbox 1631 394 1756 460; x_wconf 88' lang='lat' dir='ltr'><strong>post</strong></span> <span class='ocrx_word' id='word_1_12' title='bbox 1783 379 1931 438; x_wconf 77' lang='lat' dir='ltr'><strong>dam-</strong></span> 
     </span>
     <span class='ocr_line' id='line_1_3' title="bbox 223 479 1926 563; baseline -0.004 -20"><span class='ocrx_word' id='word_1_13' title='bbox 223 489 524 553; x_wconf 83' lang='lat' dir='ltr'>nationem,</span> <span class='ocrx_word' id='word_1_14' title='bbox 555 506 720 563; x_wconf 91' lang='lat' dir='ltr'><strong>quam</strong></span> <span class='ocrx_word' id='word_1_15' title='bbox 739 494 1045 557; x_wconf 82' lang='lat' dir='ltr'><strong>catenatOS,</strong></span> <span class='ocrx_word' id='word_1_16' title='bbox 1070 483 1378 559; x_wconf 86' lang='lat' dir='ltr'><strong>obsutaque</strong></span> <span class='ocrx_word' id='word_1_17' title='bbox 1410 480 1627 552; x_wconf 89' lang='lat' dir='ltr'><strong>lectica,</strong></span> <span class='ocrx_word' id='word_1_18' title='bbox 1657 479 1779 538; x_wconf 93' lang='lat' dir='ltr'><strong>loco</strong></span> <span class='ocrx_word' id='word_1_19' title='bbox 1807 501 1926 538; x_wconf 91' lang='lat' dir='ltr'><strong>mo-</strong></span> 
     </span>
     <span class='ocr_line' id='line_1_4' title="bbox 223 581 1930 665; baseline -0.004 -21"><span class='ocrx_word' id='word_1_20' title='bbox 223 589 324 661; x_wconf 88' lang='lat' dir='ltr'><strong>vit;</strong></span> <span class='ocrx_word' id='word_1_21' title='bbox 358 586 647 665; x_wconf 84' lang='lat' dir='ltr'>prohibitis</span> <span class='ocrx_word' id='word_1_22' title='bbox 670 604 768 663; x_wconf 90' lang='lat' dir='ltr'><strong>per</strong></span> <span class='ocrx_word' id='word_1_23' title='bbox 790 581 1031 647; x_wconf 38' lang='lat' dir='ltr'><strong>militem,</strong></span> <span class='ocrx_word' id='word_1_24' title='bbox 1049 582 1224 640; x_wconf 91' lang='lat' dir='ltr'><strong>obviis</strong></span> <span class='ocrx_word' id='word_1_25' title='bbox 1247 603 1311 639; x_wconf 91' lang='lat' dir='ltr'><strong>ac</strong></span> <span class='ocrx_word' id='word_1_26' title='bbox 1331 582 1634 639; x_wconf 83' lang='lat' dir='ltr'><strong>viatoribus</strong></span> <span class='ocrx_word' id='word_1_27' title='bbox 1660 583 1930 659; x_wconf 81' lang='lat' dir='ltr'><strong>respicere</strong></span> 
     </span>
     <span class='ocr_line' id='line_1_5' title="bbox 223 685 1644 766; baseline -0.006 -23"><span class='ocrx_word' id='word_1_28' title='bbox 223 708 480 766; x_wconf 90' lang='lat' dir='ltr'><strong>usquam,</strong></span> <span class='ocrx_word' id='word_1_29' title='bbox 510 685 595 743; x_wconf 83' lang='lat' dir='ltr'><strong>vel</strong></span> <span class='ocrx_word' id='word_1_30' title='bbox 626 685 935 744; x_wconf 82' lang='lat' dir='ltr'><strong>consistere.</strong></span> <span class='ocrx_word' id='word_1_31' title='bbox 1636 752 1644 763; x_wconf 22' lang='grc' dir='ltr'>ι</span> 
     </span>
    </p>

    <p class='ocr_par' dir='ltr' id='par_1_3' title="bbox 219 782 1948 2869">
     <span class='ocr_line' id='line_1_6' title="bbox 298 782 1925 863; baseline -0.004 -19"><span class='ocrx_word' id='word_1_32' title='bbox 298 790 470 844; x_wconf 87' lang='lat' dir='ltr'><strong>LXV.</strong></span> <span class='ocrx_word' id='word_1_33' title='bbox 512 787 793 863; x_wconf 88' lang='lat' dir='ltr'><strong>Sejanum,</strong></span> <span class='ocrx_word' id='word_1_34' title='bbox 826 805 911 842; x_wconf 91' lang='lat' dir='ltr'><strong>res</strong></span> <span class='ocrx_word' id='word_1_35' title='bbox 950 805 1119 843; x_wconf 88' lang='lat' dir='ltr'><strong>novas</strong></span> <span class='ocrx_word' id='word_1_36' title='bbox 1151 783 1466 842; x_wconf 86' lang='lat' dir='ltr'><strong>molientem</strong></span> <span class='ocrx_word' id='word_1_37' title='bbox 1485 827 1500 857; x_wconf 88' lang='lat'><strong>,</strong></span> <span class='ocrx_word' id='word_1_38' title='bbox 1534 782 1782 861; x_wconf 88' lang='lat' dir='ltr'><strong>quamvis</strong></span> <span class='ocrx_word' id='word_1_39' title='bbox 1811 783 1925 860; x_wconf 88' lang='lat' dir='ltr'><strong>jam</strong></span> 
     </span>
     <span class='ocr_line' id='line_1_7' title="bbox 221 881 1930 963; baseline -0.004 -19"><span class='ocrx_word' id='word_1_40' title='bbox 221 900 276 944; x_wconf 92' lang='lat' dir='ltr'><strong>et</strong></span> <span class='ocrx_word' id='word_1_41' title='bbox 305 884 543 943; x_wconf 88' lang='lat' dir='ltr'><strong>natalem</strong></span> <span class='ocrx_word' id='word_1_42' title='bbox 563 884 679 963; x_wconf 90' lang='lat' dir='ltr'><strong>ejus</strong></span> <span class='ocrx_word' id='word_1_43' title='bbox 697 884 914 963; x_wconf 91' lang='lat' dir='ltr'><strong>publice</strong></span> <span class='ocrx_word' id='word_1_44' title='bbox 933 885 1226 958; x_wconf 88' lang='lat' dir='ltr'><strong>celebrari,</strong></span> <span class='ocrx_word' id='word_1_45' title='bbox 1250 897 1306 942; x_wconf 90' lang='lat' dir='ltr'><strong>et</strong></span> <span class='ocrx_word' id='word_1_46' title='bbox 1326 885 1591 963; x_wconf 86' lang='lat' dir='ltr'><strong>imagines</strong></span> <span class='ocrx_word' id='word_1_47' title='bbox 1610 903 1803 941; x_wconf 89' lang='lat' dir='ltr'><strong>aureas</strong></span> <span class='ocrx_word' id='word_1_48' title='bbox 1824 881 1930 939; x_wconf 92' lang='lat' dir='ltr'><strong>coli</strong></span> 
     </span>
     <span class='ocr_line' id='line_1_8' title="bbox 221 982 1931 1065; baseline -0.002 -22"><span class='ocrx_word' id='word_1_49' title='bbox 221 987 420 1065; x_wconf 86' lang='lat' dir='ltr'><strong>passim</strong></span> <span class='ocrx_word' id='word_1_50' title='bbox 437 986 676 1059; x_wconf 89' lang='lat' dir='ltr'><strong>videret,</strong></span> <span class='ocrx_word' id='word_1_51' title='bbox 705 987 793 1044; x_wconf 73' lang='lat' dir='ltr'><strong>vix</strong></span> <span class='ocrx_word' id='word_1_52' title='bbox 816 985 1061 1057; x_wconf 87' lang='lat' dir='ltr'><strong>tandem,</strong></span> <span class='ocrx_word' id='word_1_53' title='bbox 1085 998 1141 1044; x_wconf 93' lang='lat' dir='ltr'><strong>et</strong></span> <span class='ocrx_word' id='word_1_54' title='bbox 1155 998 1276 1043; x_wconf 89' lang='lat' dir='ltr'><strong>astu</strong></span> <span class='ocrx_word' id='word_1_55' title='bbox 1305 986 1476 1064; x_wconf 85' lang='lat' dir='ltr'><strong>magis</strong></span> <span class='ocrx_word' id='word_1_56' title='bbox 1500 1004 1565 1041; x_wconf 91' lang='lat' dir='ltr'><strong>ac</strong></span> <span class='ocrx_word' id='word_1_57' title='bbox 1591 982 1746 1055; x_wconf 91' lang='lat' dir='ltr'><strong>dolo,</strong></span> <span class='ocrx_word' id='word_1_58' title='bbox 1767 1003 1931 1060; x_wconf 90' lang='lat' dir='ltr'><strong>quam</strong></span> 
     </span>
     <span class='ocr_line' id='line_1_9' title="bbox 220 1085 1933 1165; baseline -0.004 -21"><span class='ocrx_word' id='word_1_59' title='bbox 220 1085 506 1165; x_wconf 89' lang='lat' dir='ltr'><strong>principali</strong></span> <span class='ocrx_word' id='word_1_60' title='bbox 524 1090 848 1145; x_wconf 88' lang='lat' dir='ltr'><strong>auctoritate</strong></span> <span class='ocrx_word' id='word_1_61' title='bbox 862 1130 878 1158; x_wconf 92' lang='lat'><strong>,</strong></span> <span class='ocrx_word' id='word_1_62' title='bbox 903 1086 1188 1144; x_wconf 88' lang='lat' dir='ltr'><strong>subvertit.</strong></span> <span class='ocrx_word' id='word_1_63' title='bbox 1208 1086 1352 1144; x_wconf 91' lang='lat' dir='ltr'><strong>Nam</strong></span> <span class='ocrx_word' id='word_1_64' title='bbox 1385 1086 1591 1163; x_wconf 90' lang='lat' dir='ltr'><strong>prim0,</strong></span> <span class='ocrx_word' id='word_1_65' title='bbox 1619 1094 1682 1140; x_wconf 93' lang='lat' dir='ltr'><strong>ut</strong></span> <span class='ocrx_word' id='word_1_66' title='bbox 1704 1104 1737 1140; x_wconf 92' lang='lat' dir='ltr'><strong>a</strong></span> <span class='ocrx_word' id='word_1_67' title='bbox 1759 1103 1815 1140; x_wconf 92' lang='lat' dir='ltr'><strong>se</strong></span> <span class='ocrx_word' id='word_1_68' title='bbox 1836 1103 1933 1159; x_wconf 91' lang='lat' dir='ltr'><strong>per</strong></span> 
     </span>
     <span class='ocr_line' id='line_1_10' title="bbox 219 1183 1933 1264; baseline -0.002 -22"><span class='ocrx_word' id='word_1_69' title='bbox 219 1187 455 1264; x_wconf 90' lang='lat' dir='ltr'><strong>speciem</strong></span> <span class='ocrx_word' id='word_1_70' title='bbox 497 1187 720 1244; x_wconf 89' lang='lat' dir='ltr'><strong>honoris</strong></span> <span class='ocrx_word' id='word_1_71' title='bbox 761 1186 1089 1259; x_wconf 88' lang='lat' dir='ltr'><strong>dimitteret,</strong></span> <span class='ocrx_word' id='word_1_72' title='bbox 1133 1184 1399 1264; x_wconf 86' lang='lat' dir='ltr'><strong>collegam</strong></span> <span class='ocrx_word' id='word_1_73' title='bbox 1440 1186 1543 1242; x_wconf 90' lang='lat' dir='ltr'><strong>sibi</strong></span> <span class='ocrx_word' id='word_1_74' title='bbox 1581 1184 1835 1241; x_wconf 89' lang='lat' dir='ltr'><strong>assumsit</strong></span> <span class='ocrx_word' id='word_1_75' title='bbox 1877 1183 1933 1238; x_wconf 91' lang='lat' dir='ltr'><strong>in</strong></span> 
     </span>
     <span class='ocr_line' id='line_1_11' title="bbox 219 1282 1934 1364; baseline -0.002 -22"><span class='ocrx_word' id='word_1_76' title='bbox 219 1287 414 1363; x_wconf 90' lang='lat' dir='ltr'><strong>quinto</strong></span> <span class='ocrx_word' id='word_1_77' title='bbox 453 1285 771 1360; x_wconf 88' lang='lat' dir='ltr'><strong>consulatu,</strong></span> <span class='ocrx_word' id='word_1_78' title='bbox 808 1307 974 1364; x_wconf 90' lang='lat' dir='ltr'><strong>quem</strong></span> <span class='ocrx_word' id='word_1_79' title='bbox 1012 1285 1178 1364; x_wconf 86' lang='lat' dir='ltr'><strong>longo</strong></span> <span class='ocrx_word' id='word_1_80' title='bbox 1218 1284 1505 1342; x_wconf 90' lang='lat' dir='ltr'><strong>intervallo</strong></span> <span class='ocrx_word' id='word_1_81' title='bbox 1541 1285 1732 1341; x_wconf 90' lang='lat' dir='ltr'><strong>absens</strong></span> <span class='ocrx_word' id='word_1_82' title='bbox 1771 1283 1842 1340; x_wconf 94' lang='lat' dir='ltr'><strong>ob</strong></span> <span class='ocrx_word' id='word_1_83' title='bbox 1879 1282 1934 1338; x_wconf 92' lang='lat' dir='ltr'><strong>id</strong></span> 
     </span>
     <span class='ocr_line' id='line_1_12' title="bbox 221 1384 1939 1464; baseline -0.002 -23"><span class='ocrx_word' id='word_1_84' title='bbox 221 1387 400 1463; x_wconf 90' lang='lat' dir='ltr'><strong>ipsum</strong></span> <span class='ocrx_word' id='word_1_85' title='bbox 417 1398 742 1464; x_wconf 87' lang='lat' dir='ltr'><strong>susceperat.</strong></span> <span class='ocrx_word' id='word_1_86' title='bbox 768 1385 983 1445; x_wconf 90' lang='lat' dir='ltr'><strong>Deinde</strong></span> <span class='ocrx_word' id='word_1_87' title='bbox 1006 1407 1101 1463; x_wconf 89' lang='lat' dir='ltr'><strong>spe</strong></span> <span class='ocrx_word' id='word_1_88' title='bbox 1127 1385 1404 1442; x_wconf 87' lang='lat' dir='ltr'><strong>affinitatis</strong></span> <span class='ocrx_word' id='word_1_89' title='bbox 1422 1405 1485 1442; x_wconf 90' lang='lat' dir='ltr'><strong>ac</strong></span> <span class='ocrx_word' id='word_1_90' title='bbox 1506 1384 1813 1441; x_wconf 89' lang='lat' dir='ltr'><strong>tribuniciae</strong></span> <span class='ocrx_word' id='word_1_91' title='bbox 1839 1403 1939 1460; x_wconf 93' lang='lat' dir='ltr'><strong>po-</strong></span> 
     </span>
     <span class='ocr_line' id='line_1_13' title="bbox 226 1482 1935 1565; baseline -0.002 -23"><span class='ocrx_word' id='word_1_92' title='bbox 226 1488 427 1543; x_wconf 87' lang='lat' dir='ltr'><strong>testatis</strong></span> <span class='ocrx_word' id='word_1_93' title='bbox 455 1487 745 1564; x_wconf 89' lang='lat' dir='ltr'><strong>deceptum</strong></span> <span class='ocrx_word' id='word_1_94' title='bbox 763 1531 777 1560; x_wconf 93' lang='lat'><strong>,</strong></span> <span class='ocrx_word' id='word_1_95' title='bbox 806 1488 1182 1565; x_wconf 90' lang='lat' dir='ltr'><strong>inopinantem</strong></span> <span class='ocrx_word' id='word_1_96' title='bbox 1211 1486 1531 1543; x_wconf 88' lang='lat' dir='ltr'><strong>criminatus</strong></span> <span class='ocrx_word' id='word_1_97' title='bbox 1561 1496 1643 1542; x_wconf 87' lang='lat' dir='ltr'><strong>est</strong></span> <span class='ocrx_word' id='word_1_98' title='bbox 1676 1482 1935 1562; x_wconf 91' lang='lat' dir='ltr'><strong>pudenda</strong></span> 
     </span>
     <span class='ocr_line' id='line_1_14' title="bbox 223 1584 1938 1664; baseline -0.002 -22"><span class='ocrx_word' id='word_1_99' title='bbox 223 1587 634 1664; x_wconf 86' lang='lat' dir='ltr'><strong>miserandaque</strong></span> <span class='ocrx_word' id='word_1_100' title='bbox 663 1589 943 1658; x_wconf 89' lang='lat' dir='ltr'><strong>oratione;</strong></span> <span class='ocrx_word' id='word_1_101' title='bbox 978 1608 1150 1664; x_wconf 91' lang='lat' dir='ltr'><strong>quum</strong></span> <span class='ocrx_word' id='word_1_102' title='bbox 1177 1587 1322 1643; x_wconf 91' lang='lat' dir='ltr'><strong>inter</strong></span> <span class='ocrx_word' id='word_1_103' title='bbox 1355 1584 1460 1642; x_wconf 90' lang='lat' dir='ltr'><strong>alia</strong></span> <span class='ocrx_word' id='word_1_104' title='bbox 1495 1589 1556 1643; x_wconf 90' lang='lat' dir='ltr'><strong>P.</strong></span> <span class='ocrx_word' id='word_1_105' title='bbox 1588 1588 1651 1644; x_wconf 92' lang='lat' dir='ltr'><strong>C.</strong></span> <span class='ocrx_word' id='word_1_106' title='bbox 1686 1604 1938 1662; x_wconf 88' lang='lat' dir='ltr'><strong>precare-</strong></span> 
     </span>
     <span class='ocr_line' id='line_1_15' title="bbox 223 1684 1942 1763; baseline -0.001 -22"><span class='ocrx_word' id='word_1_107' title='bbox 223 1699 339 1757; x_wconf 90' lang='lat' dir='ltr'><strong>tur,</strong></span> <span class='ocrx_word' id='word_1_108' title='bbox 369 1711 396 1740; x_wconf 78' lang='lat' dir='ltr'><strong>c&lt;</strong></span> <span class='ocrx_word' id='word_1_109' title='bbox 413 1688 692 1744; x_wconf 89' lang='lat' dir='ltr'><strong>mitterent</strong></span> <span class='ocrx_word' id='word_1_110' title='bbox 729 1686 962 1744; x_wconf 86' lang='lat' dir='ltr'><strong>alterum</strong></span> <span class='ocrx_word' id='word_1_111' title='bbox 1001 1707 1031 1742; x_wconf 90' lang='lat' dir='ltr'><strong>e</strong></span> <span class='ocrx_word' id='word_1_112' title='bbox 1065 1684 1409 1757; x_wconf 76' lang='lat' dir='ltr'><strong>consulibuS,</strong></span> <span class='ocrx_word' id='word_1_113' title='bbox 1439 1686 1535 1763; x_wconf 91' lang='lat' dir='ltr'><strong>qui</strong></span> <span class='ocrx_word' id='word_1_114' title='bbox 1567 1706 1623 1741; x_wconf 90' lang='lat' dir='ltr'><strong>se</strong></span> <span class='ocrx_word' id='word_1_115' title='bbox 1661 1704 1847 1741; x_wconf 90' lang='lat' dir='ltr'><strong>senem</strong></span> <span class='ocrx_word' id='word_1_116' title='bbox 1887 1695 1942 1740; x_wconf 90' lang='lat' dir='ltr'><strong>et</strong></span> 
     </span>
     <span class='ocr_line' id='line_1_16' title="bbox 222 1785 1941 1864; baseline -0.001 -22"><span class='ocrx_word' id='word_1_117' title='bbox 222 1785 398 1843; x_wconf 88' lang='lat' dir='ltr'><strong>solum</strong></span> <span class='ocrx_word' id='word_1_118' title='bbox 433 1788 489 1842; x_wconf 92' lang='lat' dir='ltr'><strong>in</strong></span> <span class='ocrx_word' id='word_1_119' title='bbox 522 1800 877 1864; x_wconf 90' lang='lat' dir='ltr'><strong>conspectum</strong></span> <span class='ocrx_word' id='word_1_120' title='bbox 905 1808 1096 1844; x_wconf 87' lang='lat' dir='ltr'><strong>eorum</strong></span> <span class='ocrx_word' id='word_1_121' title='bbox 1122 1808 1250 1845; x_wconf 90' lang='lat' dir='ltr'><strong>cum</strong></span> <span class='ocrx_word' id='word_1_122' title='bbox 1279 1786 1467 1864; x_wconf 92' lang='lat' dir='ltr'><strong>aliquo</strong></span> <span class='ocrx_word' id='word_1_123' title='bbox 1498 1785 1723 1842; x_wconf 89' lang='lat' dir='ltr'><strong>militari</strong></span> <span class='ocrx_word' id='word_1_124' title='bbox 1754 1785 1941 1863; x_wconf 79' lang='lat' dir='ltr'><strong>praesi-</strong></span> 
     </span>
     <span class='ocr_line' id='line_1_17' title="bbox 225 1883 1944 1965; baseline -0.001 -24"><span class='ocrx_word' id='word_1_125' title='bbox 225 1885 318 1942; x_wconf 92' lang='lat' dir='ltr'><strong>dio</strong></span> <span class='ocrx_word' id='word_1_126' title='bbox 361 1886 699 1964; x_wconf 85' lang='lat' dir='ltr'><strong>perduceret.</strong></span> <span class='ocrx_word' id='word_1_127' title='bbox 719 1912 745 1939; x_wconf 73' lang='lat' dir='ltr'><strong>n</strong></span> <span class='ocrx_word' id='word_1_128' title='bbox 793 1888 883 1945; x_wconf 90' lang='lat' dir='ltr'><strong>Sic</strong></span> <span class='ocrx_word' id='word_1_129' title='bbox 933 1909 1155 1965; x_wconf 92' lang='lat' dir='ltr'><strong>quoque</strong></span> <span class='ocrx_word' id='word_1_130' title='bbox 1200 1886 1488 1960; x_wconf 85' lang='lat' dir='ltr'><strong>diffidens,</strong></span> <span class='ocrx_word' id='word_1_131' title='bbox 1529 1883 1944 1961; x_wconf 90' lang='lat' dir='ltr'><strong>tumultumque</strong></span> 
     </span>
     <span class='ocr_line' id='line_1_18' title="bbox 221 1985 1944 2066; baseline -0.001 -24"><span class='ocrx_word' id='word_1_132' title='bbox 221 1998 469 2044; x_wconf 90' lang='lat' dir='ltr'><strong>metuens</strong></span> <span class='ocrx_word' id='word_1_133' title='bbox 485 2030 501 2058; x_wconf 93' lang='lat'><strong>,</strong></span> <span class='ocrx_word' id='word_1_134' title='bbox 528 1991 775 2045; x_wconf 85' lang='lat' dir='ltr'><strong>Drusum</strong></span> <span class='ocrx_word' id='word_1_135' title='bbox 793 2000 1052 2066; x_wconf 91' lang='lat' dir='ltr'><strong>nepotem</strong></span> <span class='ocrx_word' id='word_1_136' title='bbox 1071 2031 1086 2062; x_wconf 93' lang='lat'><strong>,</strong></span> <span class='ocrx_word' id='word_1_137' title='bbox 1110 2008 1275 2066; x_wconf 91' lang='lat' dir='ltr'><strong>quem</strong></span> <span class='ocrx_word' id='word_1_138' title='bbox 1295 1985 1537 2044; x_wconf 82' lang='lat' dir='ltr'><strong>vinculis</strong></span> <span class='ocrx_word' id='word_1_139' title='bbox 1555 1985 1736 2043; x_wconf 89' lang='lat' dir='ltr'><strong>adhuc</strong></span> <span class='ocrx_word' id='word_1_140' title='bbox 1755 1989 1944 2043; x_wconf 88' lang='lat' dir='ltr'><strong>Romae</strong></span> 
     </span>
     <span class='ocr_line' id='line_1_19' title="bbox 221 2085 1944 2168; baseline -0.002 -25"><span class='ocrx_word' id='word_1_141' title='bbox 221 2089 566 2161; x_wconf 90' lang='lat' dir='ltr'><strong>continebat,</strong></span> <span class='ocrx_word' id='word_1_142' title='bbox 608 2087 777 2162; x_wconf 89' lang='lat' dir='ltr'><strong>solvi,</strong></span> <span class='ocrx_word' id='word_1_143' title='bbox 820 2090 865 2146; x_wconf 91' lang='lat' dir='ltr'><strong>si</strong></span> <span class='ocrx_word' id='word_1_144' title='bbox 900 2110 986 2147; x_wconf 85' lang='lat' dir='ltr'><strong>res</strong></span> <span class='ocrx_word' id='word_1_145' title='bbox 1028 2102 1304 2168; x_wconf 88' lang='lat' dir='ltr'><strong>posceret,</strong></span> <span class='ocrx_word' id='word_1_146' title='bbox 1344 2088 1649 2165; x_wconf 91' lang='lat' dir='ltr'><strong>ducemque</strong></span> <span class='ocrx_word' id='word_1_147' title='bbox 1681 2085 1944 2144; x_wconf 86' lang='lat' dir='ltr'><strong>constitui</strong></span> 
     </span>
     <span class='ocr_line' id='line_1_20' title="bbox 222 2184 1946 2266; baseline 0 -23"><span class='ocrx_word' id='word_1_148' title='bbox 222 2200 572 2265; x_wconf 68' lang='lat' dir='ltr'><strong>praeceperat.</strong></span> <span class='ocrx_word' id='word_1_149' title='bbox 607 2190 823 2266; x_wconf 90' lang='lat' dir='ltr'><strong>Aptatis</strong></span> <span class='ocrx_word' id='word_1_150' title='bbox 855 2189 1019 2247; x_wconf 89' lang='lat' dir='ltr'><strong>etiam</strong></span> <span class='ocrx_word' id='word_1_151' title='bbox 1056 2190 1320 2262; x_wconf 80' lang='lat' dir='ltr'><strong>navibuS,</strong></span> <span class='ocrx_word' id='word_1_152' title='bbox 1359 2188 1428 2245; x_wconf 90' lang='lat' dir='ltr'><strong>ad</strong></span> <span class='ocrx_word' id='word_1_153' title='bbox 1467 2207 1828 2266; x_wconf 87' lang='lat' dir='ltr'><strong>quascunque</strong></span> <span class='ocrx_word' id='word_1_154' title='bbox 1866 2184 1946 2243; x_wconf 89' lang='lat' dir='ltr'><strong>le-</strong></span> 
     </span>
     <span class='ocr_line' id='line_1_21' title="bbox 222 2286 1946 2370; baseline -0.001 -26"><span class='ocrx_word' id='word_1_155' title='bbox 222 2289 413 2366; x_wconf 88' lang='lat' dir='ltr'><strong>giones</strong></span> <span class='ocrx_word' id='word_1_156' title='bbox 443 2289 815 2347; x_wconf 87' lang='lat' dir='ltr'><strong>meditabatur</strong></span> <span class='ocrx_word' id='word_1_157' title='bbox 844 2290 1066 2368; x_wconf 84' lang='lat' dir='ltr'><strong>fugam,</strong></span> <span class='ocrx_word' id='word_1_158' title='bbox 1101 2288 1546 2370; x_wconf 88' lang='lat' dir='ltr'><strong>speculabundus</strong></span> <span class='ocrx_word' id='word_1_159' title='bbox 1587 2310 1654 2348; x_wconf 84' lang='lat' dir='ltr'><strong>ex</strong></span> <span class='ocrx_word' id='word_1_160' title='bbox 1682 2286 1946 2346; x_wconf 86' lang='lat' dir='ltr'><strong>altissima</strong></span> 
     </span>
     <span class='ocr_line' id='line_1_22' title="bbox 222 2387 1947 2468; baseline -0.001 -23"><span class='ocrx_word' id='word_1_161' title='bbox 222 2410 360 2467; x_wconf 85' lang='lat' dir='ltr'><strong>rupe</strong></span> <span class='ocrx_word' id='word_1_162' title='bbox 389 2389 690 2447; x_wconf 91' lang='lat' dir='ltr'><strong>identidem</strong></span> <span class='ocrx_word' id='word_1_163' title='bbox 719 2392 901 2468; x_wconf 86' lang='lat' dir='ltr'><strong>signa,</strong></span> <span class='ocrx_word' id='word_1_164' title='bbox 927 2413 1075 2468; x_wconf 88' lang='lat' dir='ltr'><strong>quae,</strong></span> <span class='ocrx_word' id='word_1_165' title='bbox 1106 2413 1176 2450; x_wconf 94' lang='lat' dir='ltr'><strong>ne</strong></span> <span class='ocrx_word' id='word_1_166' title='bbox 1201 2393 1391 2449; x_wconf 91' lang='lat' dir='ltr'><strong>nuncii</strong></span> <span class='ocrx_word' id='word_1_167' title='bbox 1418 2402 1792 2462; x_wconf 85' lang='lat' dir='ltr'><strong>morarentur,</strong></span> <span class='ocrx_word' id='word_1_168' title='bbox 1828 2387 1947 2445; x_wconf 90' lang='lat' dir='ltr'><strong>tolli</strong></span> 
     </span>
     <span class='ocr_line' id='line_1_23' title="bbox 224 2489 1948 2569; baseline -0.001 -23"><span class='ocrx_word' id='word_1_169' title='bbox 224 2489 448 2567; x_wconf 87' lang='lat' dir='ltr'><strong>procul,</strong></span> <span class='ocrx_word' id='word_1_170' title='bbox 479 2503 540 2548; x_wconf 91' lang='lat' dir='ltr'><strong>ut</strong></span> <span class='ocrx_word' id='word_1_171' title='bbox 571 2491 814 2569; x_wconf 90' lang='lat' dir='ltr'><strong>quidque</strong></span> <span class='ocrx_word' id='word_1_172' title='bbox 850 2492 1055 2548; x_wconf 87' lang='lat' dir='ltr'><strong>factum</strong></span> <span class='ocrx_word' id='word_1_173' title='bbox 1094 2493 1262 2566; x_wconf 89' lang='lat' dir='ltr'><strong>foret,</strong></span> <span class='ocrx_word' id='word_1_174' title='bbox 1295 2491 1667 2549; x_wconf 87' lang='lat' dir='ltr'><strong>mandaverat.</strong></span> <span class='ocrx_word' id='word_1_175' title='bbox 1705 2493 1948 2559; x_wconf 90' lang='lat' dir='ltr'><strong>Verum,</strong></span> 
     </span>
     <span class='ocr_line' id='line_1_24' title="bbox 225 2593 1946 2670; baseline 0 -23"><span class='ocrx_word' id='word_1_176' title='bbox 225 2604 281 2647; x_wconf 92' lang='lat' dir='ltr'><strong>et</strong></span> <span class='ocrx_word' id='word_1_177' title='bbox 302 2612 562 2669; x_wconf 88' lang='lat' dir='ltr'><strong>oppressa</strong></span> <span class='ocrx_word' id='word_1_178' title='bbox 589 2594 966 2670; x_wconf 86' lang='lat' dir='ltr'><strong>conjuratione</strong></span> <span class='ocrx_word' id='word_1_179' title='bbox 993 2594 1202 2670; x_wconf 88' lang='lat' dir='ltr'><strong>Sejani,</strong></span> <span class='ocrx_word' id='word_1_180' title='bbox 1226 2593 1399 2649; x_wconf 89' lang='lat' dir='ltr'><strong>nihilo</strong></span> <span class='ocrx_word' id='word_1_181' title='bbox 1425 2593 1669 2650; x_wconf 88' lang='lat' dir='ltr'><strong>securior</strong></span> <span class='ocrx_word' id='word_1_182' title='bbox 1696 2603 1794 2648; x_wconf 88' lang='lat' dir='ltr'><strong>aut</strong></span> <span class='ocrx_word' id='word_1_183' title='bbox 1815 2612 1946 2648; x_wconf 89' lang='lat' dir='ltr'><strong>con·</strong></span> 
     </span>
     <span class='ocr_line' id='line_1_25' title="bbox 224 2693 1947 2772; baseline 0.001 -25"><span class='ocrx_word' id='word_1_184' title='bbox 224 2693 477 2763; x_wconf 85' lang='lat' dir='ltr'><strong>stantior,</strong></span> <span class='ocrx_word' id='word_1_185' title='bbox 511 2713 610 2771; x_wconf 92' lang='lat' dir='ltr'><strong>per</strong></span> <span class='ocrx_word' id='word_1_186' title='bbox 644 2714 842 2751; x_wconf 89' lang='lat' dir='ltr'><strong>novem</strong></span> <span class='ocrx_word' id='word_1_187' title='bbox 879 2695 1156 2772; x_wconf 87' lang='lat' dir='ltr'><strong>proximos</strong></span> <span class='ocrx_word' id='word_1_188' title='bbox 1188 2715 1400 2751; x_wconf 87' lang='lat' dir='ltr'><strong>menses</strong></span> <span class='ocrx_word' id='word_1_189' title='bbox 1438 2714 1550 2751; x_wconf 92' lang='lat' dir='ltr'><strong>non</strong></span> <span class='ocrx_word' id='word_1_190' title='bbox 1585 2713 1834 2772; x_wconf 86' lang='lat' dir='ltr'><strong>egressus</strong></span> <span class='ocrx_word' id='word_1_191' title='bbox 1863 2704 1947 2749; x_wconf 90' lang='lat' dir='ltr'><strong>est</strong></span> 
     </span>
     <span class='ocr_line' id='line_1_26' title="bbox 226 2790 983 2869; baseline 0.005 -23"><span class='ocrx_word' id='word_1_192' title='bbox 226 2790 351 2847; x_wconf 88' lang='lat' dir='ltr'><strong>villa</strong></span> <span class='ocrx_word' id='word_1_193' title='bbox 370 2836 384 2864; x_wconf 91' lang='lat'><strong>,</strong></span> <span class='ocrx_word' id='word_1_194' title='bbox 413 2814 534 2869; x_wconf 82' lang='lat' dir='ltr'><strong>quae</strong></span> <span class='ocrx_word' id='word_1_195' title='bbox 564 2805 793 2850; x_wconf 87' lang='lat' dir='ltr'><strong>vocatur</strong></span> <span class='ocrx_word' id='word_1_196' title='bbox 817 2795 983 2851; x_wconf 87' lang='lat' dir='ltr'><strong>Jovis.</strong></span> 
     </span>
    </p>

    <p class='ocr_par' dir='ltr' id='par_1_4' title="bbox 226 2893 1955 3373">
     <span class='ocr_line' id='line_1_27' title="bbox 306 2893 1954 2971; baseline 0.001 -22"><span class='ocrx_word' id='word_1_197' title='bbox 306 2895 503 2950; x_wconf 89' lang='lat' dir='ltr'><strong>LXVI.</strong></span> <span class='ocrx_word' id='word_1_198' title='bbox 548 2894 799 2950; x_wconf 90' lang='lat' dir='ltr'><strong>Urebant</strong></span> <span class='ocrx_word' id='word_1_199' title='bbox 836 2895 1060 2971; x_wconf 90' lang='lat' dir='ltr'><strong>insuper</strong></span> <span class='ocrx_word' id='word_1_200' title='bbox 1085 2897 1305 2952; x_wconf 88' lang='lat' dir='ltr'><strong>anxiam</strong></span> <span class='ocrx_word' id='word_1_201' title='bbox 1342 2908 1581 2954; x_wconf 91' lang='lat' dir='ltr'><strong>mentem</strong></span> <span class='ocrx_word' id='word_1_202' title='bbox 1615 2896 1766 2952; x_wconf 84' lang='lat' dir='ltr'><strong>varia</strong></span> <span class='ocrx_word' id='word_1_203' title='bbox 1794 2893 1954 2951; x_wconf 89' lang='lat' dir='ltr'><strong>undi-</strong></span> 
     </span>
     <span class='ocr_line' id='line_1_28' title="bbox 226 2992 1953 3073; baseline 0.001 -25"><span class='ocrx_word' id='word_1_204' title='bbox 226 3013 333 3068; x_wconf 87' lang='lat' dir='ltr'><strong>que</strong></span> <span class='ocrx_word' id='word_1_205' title='bbox 357 2994 601 3049; x_wconf 89' lang='lat' dir='ltr'><strong>convicia</strong></span> <span class='ocrx_word' id='word_1_206' title='bbox 615 3036 630 3066; x_wconf 93' lang='lat'><strong>,</strong></span> <span class='ocrx_word' id='word_1_207' title='bbox 659 2992 812 3050; x_wconf 88' lang='lat' dir='ltr'><strong>nullo</strong></span> <span class='ocrx_word' id='word_1_208' title='bbox 847 3015 958 3051; x_wconf 91' lang='lat' dir='ltr'><strong>non</strong></span> <span class='ocrx_word' id='word_1_209' title='bbox 979 2993 1364 3051; x_wconf 90' lang='lat' dir='ltr'><strong>damnatorum</strong></span> <span class='ocrx_word' id='word_1_210' title='bbox 1386 3016 1551 3052; x_wconf 91' lang='lat' dir='ltr'><strong>omne</strong></span> <span class='ocrx_word' id='word_1_211' title='bbox 1570 2996 1761 3073; x_wconf 90' lang='lat' dir='ltr'><strong>probri</strong></span> <span class='ocrx_word' id='word_1_212' title='bbox 1783 3014 1953 3072; x_wconf 87' lang='lat' dir='ltr'><strong>genus</strong></span> 
     </span>
     <span class='ocr_line' id='line_1_29' title="bbox 227 3092 1948 3174; baseline 0.001 -26"><span class='ocrx_word' id='word_1_213' title='bbox 227 3113 441 3166; x_wconf 91' lang='lat' dir='ltr'><strong>coram,</strong></span> <span class='ocrx_word' id='word_1_214' title='bbox 471 3092 556 3150; x_wconf 89' lang='lat' dir='ltr'><strong>vel</strong></span> <span class='ocrx_word' id='word_1_215' title='bbox 587 3115 686 3172; x_wconf 93' lang='lat' dir='ltr'><strong>per</strong></span> <span class='ocrx_word' id='word_1_216' title='bbox 726 3094 937 3153; x_wconf 91' lang='lat' dir='ltr'><strong>libellos</strong></span> <span class='ocrx_word' id='word_1_217' title='bbox 971 3097 1029 3152; x_wconf 92' lang='lat' dir='ltr'><strong>in</strong></span> <span class='ocrx_word' id='word_1_218' title='bbox 1057 3096 1336 3153; x_wconf 87' lang='lat' dir='ltr'><strong>orchestra</strong></span> <span class='ocrx_word' id='word_1_219' title='bbox 1369 3098 1602 3174; x_wconf 88' lang='lat' dir='ltr'><strong>positos,</strong></span> <span class='ocrx_word' id='word_1_220' title='bbox 1648 3097 1948 3173; x_wconf 84' lang='lat' dir='ltr'><strong>ingerente.</strong></span> 
     </span>
     <span class='ocr_line' id='line_1_30' title="bbox 230 3193 1955 3272; baseline 0.001 -24"><span class='ocrx_word' id='word_1_221' title='bbox 230 3193 450 3265; x_wconf 81' lang='lat' dir='ltr'><strong>Quibus</strong></span> <span class='ocrx_word' id='word_1_222' title='bbox 483 3194 704 3270; x_wconf 90' lang='lat' dir='ltr'><strong>quidem</strong></span> <span class='ocrx_word' id='word_1_223' title='bbox 737 3195 1098 3253; x_wconf 88' lang='lat' dir='ltr'><strong>diversissime</strong></span> <span class='ocrx_word' id='word_1_224' title='bbox 1127 3196 1467 3252; x_wconf 84' lang='lat' dir='ltr'><strong>afficiebatur</strong></span> <span class='ocrx_word' id='word_1_225' title='bbox 1493 3217 1505 3251; x_wconf 92' lang='lat'><strong>:</strong></span> <span class='ocrx_word' id='word_1_226' title='bbox 1528 3194 1719 3268; x_wconf 83' lang='lat' dir='ltr'><strong>modo,</strong></span> <span class='ocrx_word' id='word_1_227' title='bbox 1751 3207 1812 3252; x_wconf 87' lang='lat' dir='ltr'><strong>ut</strong></span> <span class='ocrx_word' id='word_1_228' title='bbox 1844 3215 1955 3272; x_wconf 84' lang='lat' dir='ltr'><strong>prae</strong></span> 
     </span>
     <span class='ocr_line' id='line_1_31' title="bbox 234 3293 1955 3373; baseline 0 -24"><span class='ocrx_word' id='word_1_229' title='bbox 234 3293 442 3370; x_wconf 88' lang='lat' dir='ltr'><strong>pudore</strong></span> <span class='ocrx_word' id='word_1_230' title='bbox 480 3297 665 3372; x_wconf 87' lang='lat' dir='ltr'><strong>ignota</strong></span> <span class='ocrx_word' id='word_1_231' title='bbox 706 3308 760 3352; x_wconf 92' lang='lat' dir='ltr'><strong>et</strong></span> <span class='ocrx_word' id='word_1_232' title='bbox 800 3294 971 3353; x_wconf 84' lang='lat' dir='ltr'><strong>celata</strong></span> <span class='ocrx_word' id='word_1_233' title='bbox 1014 3308 1211 3353; x_wconf 85' lang='lat' dir='ltr'><strong>cuncta</strong></span> <span class='ocrx_word' id='word_1_234' title='bbox 1256 3308 1513 3373; x_wconf 82' lang='lat' dir='ltr'><strong>cuperet3</strong></span> <span class='ocrx_word' id='word_1_235' title='bbox 1554 3316 1955 3372; x_wconf 83' lang='lat' dir='ltr'><strong>nonnunquam</strong></span> 
     </span>
    </p>
   </div>
  </div>
 </body>
</html>
