2372 3918
375 248 432 293 38
1027 245 1075 291 C.
1111 243 1399 293 SUETONII

371 352 524 410 Jubae
553 354 693 429 regis
721 350 832 408 filio
862 352 918 407 in
948 350 1296 408 altercatione
1326 350 1550 407 barbam
1582 350 1859 423 invaserit,
1885 352 2083 428 stipen-

372 451 607 508 diarium
635 473 854 529 quoque
883 453 1327 530 pronuntiatum,
1355 465 1410 509 et
1437 453 1874 509 abstrahentibus
1903 455 2083 509 statim

370 553 600 629 eripuit,
632 552 1033 630 occultavitque
1061 554 1209 630 apud
1237 575 1293 610 se
1320 553 1415 610 diu
1446 575 1458 609 ε
1487 565 1539 610 et
1568 576 1726 626 mox,
1756 575 1821 610 ex
1850 566 2083 631 praetura

369 653 715 728 proficiscens
750 655 807 710 in
838 655 1185 732 Hispaniam,
1220 656 1364 712 inter
1396 655 1576 712 officia
1605 656 2050 733 prosequentium
2070 699 2084 728 ,

370 751 645 829 fascesque
673 752 953 827 lictorum,
984 753 1173 811 lectica
1204 776 1301 812 sua
1330 757 1525 812 avexit.

448 855 678 910 LXXII.
723 855 942 911 Amicos
981 868 1136 911 tanta
1175 877 1388 934 semper
1428 857 1683 914 facilitate
1718 858 2084 937 indulgentia-

368 973 475 1030 que
518 954 802 1027 tractavit,
840 967 903 1011 ut
947 958 1010 1012 C.
1050 957 1236 1034 Oppio
1281 958 1563 1014 comitanti
1606 980 1661 1015 se
1702 980 1801 1036 per
1842 958 2085 1016 silvestre

368 1054 495 1126 iter,
514 1067 875 1134 correptoque
896 1058 1076 1114 subita
1097 1057 1434 1131 valetudine,
1455 1071 1510 1115 et
1528 1058 1919 1132 deversoriolo‚
1937 1061 2083 1137 quod

368 1173 541 1210 unum
573 1168 719 1228 erat,
752 1156 872 1214 loco
907 1160 1157 1233 cesserit,
1193 1171 1247 1216 et
1279 1161 1393 1237 ipse
1423 1160 1576 1216 humi
1606 1181 1668 1216 ac
1698 1161 1798 1217 sub
1829 1160 1955 1217 divo
1986 1184 2083 1218 cu-

366 1255 560 1314 buerit.
592 1263 712 1316 Jam
743 1239 926 1318 autem
958 1284 1143 1324 rerum
1172 1275 1393 1340 potenS,
1424 1262 1690 1339 quosdam
1720 1264 1882 1318 etiam
1911 1262 2082 1318 infimi

366 1360 579 1434 generis
606 1361 675 1415 ad
711 1361 1071 1438 amplissimos
1113 1364 1349 1419 honores
1390 1363 1655 1439 provexit.
1686 1364 1875 1435 Quum
1916 1364 1986 1418 ob
2030 1364 2085 1418 id

1486 1475 1853 1518 crassatorum
1879 1475 1933 1518 et
1956 1464 2087 1519 sica-

1484 1507 1515 1540 t>

364 1561 573 1617 riorum
608 1582 710 1638 ope
740 1564 796 1619 in
826 1563 1030 1620 tuenda
1066 1585 1162 1620 sua
1198 1564 1463 1641 dignitate
1496 1584 1629 1620 usus
1671 1576 1842 1636 esset,
1886 1563 2084 1620 talibus

367 1457 705 1535 culparetur,
729 1461 1004 1538 professus
1028 1475 1108 1519 est
1136 1463 1338 1540 palam,
1364 1488 1391 1516 «
1413 1463 1457 1518 si

363 1683 583 1739 quoque
610 1685 665 1720 se
691 1685 876 1742 parem
908 1666 1138 1743 gratiam
1163 1663 1482 1722 relaturum.
1501 1692 1530 1721 »

441 1766 697 1821 LXXIII.
748 1765 1065 1823 Simultates
1106 1780 1299 1824 contra
1339 1768 1517 1825 nullas
1549 1782 1659 1825 tam
1696 1789 1887 1847 graves
1930 1790 2082 1825 exce-

361 1865 443 1940 pit
475 1886 718 1941 unquam
738 1911 753 1936 ‚
790 1881 855 1923 ut
889 1889 1003 1924 non
1040 1868 1322 1925 occasione
1353 1868 1536 1925 oblata
1568 1869 1742 1926 libens
1770 1870 2080 1948 deponeret.

362 1966 423 2021 C.
463 1968 747 2040 Memmii,
787 1969 944 2045 cujus
986 1970 1296 2046 asperrimis
1339 1971 1680 2027 orationibus
1718 1993 1829 2027 non
1872 1972 2083 2027 minore

361 2067 653 2124 acerbitate
692 2070 1077 2147 rescripserat,
1119 2072 1284 2128 etiam
1323 2073 1652 2151 suffragator
1687 2094 1813 2150 mox}
1846 2074 1902 2128 in
1944 2073 2083 2150 peti-

362 2167 513 2223 tione
551 2168 1035 2228 consulatus‘fuit.
1079 2174 1140 2230 C.
1189 2171 1360 2230 Calvo
1402 2186 1526 2251 post
1566 2174 1772 2230 famosa
1813 2174 2081 2251 epigram-

360 2280 507 2324 mata
556 2267 623 2324 de
670 2270 1112 2328 reconciliatione
1156 2294 1255 2352 per
1301 2274 1503 2330 amicos
1555 2276 1770 2352 agenti,
1822 2273 1969 2330 ultro
2017 2295 2081 2329 ac

357 2368 513 2444 prior
559 2371 790 2446 scripsit.
838 2370 1122 2429 Valerium
1167 2373 1482 2448 Catullum,
1528 2397 1560 2431 a
1605 2397 1714 2452 quo
1763 2375 1865 2430 sibi
1911 2377 2079 2430 versi-

359 2467 496 2524 culis
529 2468 595 2526 de
630 2473 917 2528 Mamurra
949 2487 1214 2550 perpetua
1251 2476 1505 2552 stigmata
1540 2476 1791 2552 imposita
1824 2497 1936 2531 non
1969 2476 2077 2532 dis-

361 2568 740 2639 simulaverat,
777 2573 1226 2647 satisfacientem,
1260 2574 1448 2631 eadem
1485 2575 1569 2632 die
1602 2575 1851 2631 adhibuit
1883 2597 2075 2647 coenae,

361 2668 707 2747 hospitioque
750 2674 920 2749 patris
963 2675 1112 2751 erS‚
1155 2676 1296 2732 sicut
1340 2663 1674 2750 consuerat,
1707 2678 1787 2732 uti
1830 2698 2078 2754 perseve-

359 2771 517 2824 ravit.

434 2871 690 2929 LXXIV.
734 2874 842 2929 Sed
875 2889 926 2931 et
958 2877 1014 2932 in
1051 2877 1365 2935 ulciscendo
1402 2891 1599 2935 natura
1633 2878 1955 2936 lenissimus.
1989 2879 2076 2935 Pi-

356 2980 500 3025 ratas
512 3013 526 3042 ,
546 2992 576 3026 a
590 2973 792 3046 quibus
809 2987 1000 3052 captus
1018 2989 1124 3048 est,
1143 2999 1317 3054 quum
1334 2981 1390 3033 in
1407 2978 1737 3035 deditionem
1755 2979 2072 3057 redegisset,

357 3071 616 3144 quoniam
659 3073 985 3131 suffixurum
1032 3098 1088 3133 se
1129 3079 1278 3133 cruci
1323 3089 1448 3133 ante
1486 3078 1797 3154 juraverat,
1831 3079 2072 3157 jugulari

360 3170 508 3242 prius
554 3171 748 3246 jussit,
796 3174 992 3231 deinde
1039 3176 1234 3254 suffigi.
1287 3178 1543 3237 Cornelio
1593 3183 1869 3259 Phagitae,
1917 3182 2071 3258 cujus

359 3269 634 3340 quondam
680 3286 972 3331 nocturnas
1027 3277 1246 3332 insidias
1290 3300 1428 3356 aeger
1477 3302 1538 3336 ac
1584 3280 1782 3354 latenS,
1835 3303 1902 3337 ne
1949 3304 2069 3358 per-
