2372 3918
781 252 848 298 IN
882 254 933 299 C.
971 253 1012 297 J.
1050 251 1372 297 CAESAREM.
1866 254 1957 303 135

222 364 317 411 que
340 347 570 409 impetum
586 382 599 405 ‚
629 362 683 394 ac
713 362 867 408 prope
889 361 990 409 quo
1014 348 1121 391 loco
1138 379 1152 403 ,
1175 354 1222 391 et
1250 360 1394 406 quem
1418 345 1478 392 ad
1502 347 1700 394 modum
1729 350 1820 396 tela
1842 351 1957 396 mit-

223 434 401 482 terent,
435 424 663 486 praecipit.
689 443 709 466 ι

287 504 398 550 (Συ.
426 503 632 549 XXVII.
663 500 991 547 Condicionem.
1017 500 1109 544 Pro
1139 498 1360 559 pactione
1387 500 1664 562 nuptiarum
1686 506 1957 564 sponsalio-

222 595 400 626 rumve.
442 580 515 626 Ex
569 578 754 639 Cujac.,
802 576 851 622 in
899 575 1261 623 Renuntiatione
1301 578 1568 638 nuptiarum
1581 611 1596 633 ,
1641 579 1812 628 usitata
1855 582 1953 630 haec

219 657 393 702 verba:
419 677 438 698 e«
455 656 730 703 conditione
760 670 858 701 non
885 662 993 699 utar
1022 662 1117 699 tua.
1149 674 1168 694 n

288 735 463 779 Fausto
499 734 662 779 Sulloe.
697 744 763 797 Τῷ
798 741 928 796 Σύλλᾳ
962 735 1109 791 παιδί,
1133 728 1367 779 Plutarch.
1394 731 1444 777 in
1479 731 1629 788 Coes.‚
1653 749 1702 794 p.
1730 741 1838 792 7¹4·

291 810 423 856 Circa
451 826 567 856 eum.
600 809 800 867 AmiciS,
833 808 1076 869 proximis.
1105 809 1181 855 Sic
1204 811 1400 868 Noster,
1429 808 1530 856 Cal.
1546 844 1562 867 ‚
1588 826 1646 869 x,
1672 826 1728 871 73
1751 813 1953 868 Domie„

222 903 292 943 lx,
329 887 370 933 3.

287 966 513 1010 Gratuito.
547 966 604 1012 H.
635 980 673 1010 e.
708 963 908 1024 pecunia
940 971 1109 1010 mutuo
1137 964 1248 1010 data
1282 965 1381 1011 sine
1409 966 1608 1012 foenore.

287 1043 575 1106 Congiarcbs.
619 1042 820 1105 Proprie
857 1042 1056 1089 donatio
1097 1043 1198 1089 vini
1235 1053 1316 1090 aut
1354 1044 1447 1093 olei
1482 1061 1493 1089 ε
1527 1043 1639 1091 inde
1670 1043 1868 1093 ductum
1899 1046 1961 1094 ad

218 1120 426 1181 quasvis,
449 1119 589 1166 etiam
609 1119 845 1181 pecuniae,
878 1120 1174 1167 donationes.

287 1198 495 1243 Unicum.
524 1198 583 1244 H.
608 1213 646 1243 e.
681 1197 941 1262 singulare,
959 1198 1184 1244 eximium
1201 1235 1213 1256 ,
1239 1208 1292 1244 ut
1318 1200 1494 1259 Plaut.,
1523 1201 1653 1251 Asin,
1669 1234 1684 1256 ‚
1711 1217 1786 1260 ιν,
1816 1218 1861 1261 1,
1888 1202 1915 1248 3
1939 1218 1954 1250 ε

391 1329 453 1368 Tu
472 1334 591 1382 poeta
612 1340 653 1368 es
676 1341 833 1382 prorsus
855 1328 907 1369 ad
930 1341 1016 1368 eam
1041 1342 1126 1369 rem
1152 1328 1305 1370 unicus.

283 1442 393 1487 Cn.
419 1441 654 1487 XXVIII.
682 1442 846 1503 Reges.
873 1442 945 1488 Sc.
977 1457 1110 1504 reges
1138 1442 1410 1490 foederatos.

283 1518 532 1580 Superque.
561 1519 619 1564 H.
655 1534 694 1564 e.
723 1519 1013 1580 praeterque,
1042 1528 1095 1564 ut
1118 1519 1367 1577 Phaedrus,
1398 1535 1486 1577 111,
1529 1535 1582 1565 ια
1602 1555 1614 1579 ,
1649 1536 1675 1567 2
1712 1537 1726 1568 z

391 1633 473 1686 Qui
493 1647 613 1689 super
630 1634 809 1675 obsooena
829 1633 934 1676 dicta
958 1642 998 1675 et
1021 1635 1203 1688 petulans
1222 1634 1412 1689 jurgium.

283 1747 353 1791 M.
390 1745 627 1792 Claudius.
653 1730 831 1792 Consul
855 1745 946 1790 fuit
986 1761 1092 1791 cum
1117 1747 1247 1792 Serv.
1276 1746 1453 1806 Sulpic.
1486 1745 1645 1805 Rufo,
1671 1748 1730 1794 A.
1762 1748 1822 1798 U.
1850 1749 1961 1806 703.

286 1823 536 1880 Quando...
564 1823 850 1884 obrogasset.
888 1823 1164 1869 Gronovius
1190 1833 1238 1867 et
1266 1839 1358 1886 pro
1390 1839 1475 1869 nec
1498 1824 1612 1889 legit
1628 1860 1641 1882 ,
1669 1823 1807 1888 quod
1833 1826 1960 1872 reci-

213 1900 352 1960 piunt
383 1900 530 1946 Wolf.
561 1908 607 1945 et
639 1901 707 1946 Cl.
740 1902 877 1946 Hase.

281 1979 343 2022 In
358 1977 599 2023 tet-arium.
623 1977 720 2024 Ubi
744 1978 1056 2024 servabantur
1080 1978 1228 2039 legeS,
1242 1980 1648 2024 senatusconsulta
1679 1987 1727 2024 et
1761 1989 1959 2026 contra-

212 2063 374 2099 ctuum
403 2063 724 2101 monumenta.
762 2055 832 2101 Cf.
857 2057 1134 2101 Pmuucn.
1151 2090 1164 2113 ,
1185 2055 1365 2114 Quoest.
1391 2071 1533 2111 rom.,
1556 2062 1631 2111 40.

278 2132 539 2193 Rogatione
568 2132 611 2173 V
609 2131 774 2190 acinz‘a.
811 2131 934 2177 Vide
962 2147 1134 2193 supra,
1162 2148 1207 2177 v.

281 2209 391 2254 CAP.
416 2209 608 2257 XXIX.
640 2209 921 2271 Insequenti.
950 2211 1005 2254 A.
1039 2210 1098 2255 U.
1126 2215 1235 2267 704.

282 2285 538 2345 Curionem.
574 2275 723 2346 Cujus
748 2285 964 2346 perditos
996 2302 1153 2333 mores
1177 2285 1404 2332 describit
1431 2289 1555 2333 vell.
1574 2323 1586 2345 ‚
1613 2304 1653 2333 11
1669 2323 1683 2347 ,
1714 2289 1795 2335 83.

281 2362 576 2424 Designatus.
593 2365 646 2408 L.
666 2363 939 2409 Cornelium
965 2365 1222 2409 Lentulum
1245 2372 1291 2409 et
1308 2364 1359 2412 C.
1386 2364 1638 2411 Claudium
1661 2367 1958 2415 Marcellum.

280 2440 482 2502 Pepigit.
514 2440 690 2486 Pacisci
730 2440 913 2500 voluit,
950 2441 1034 2487 sed
1076 2441 1333 2487 adversarii
1377 2442 1535 2488 omnia
1577 2443 1875 2503 rejecerunt,
1907 2453 1961 2489 ut

212 2533 325 2563 mox
348 2516 579 2579 sequitur.

278 2595 389 2640 Cn.
405 2594 569 2640 XXX.
590 2595 897 2641 Adversariis.
927 2596 1215 2643 Consulibus
1245 2597 1470 2656 maxime,
1496 2598 1702 2643 Lentulo
1734 2607 1781 2645 et
1821 2599 1958 2645 Mar-
1988 2590 1990 2592 ’

214 2672 348 2717 cello.

282 2747 681 2810 Conventibusque.
715 2749 838 2797 Vide
861 2766 1031 2812 supra,
1061 2767 1149 2797 vn.

279 2826 463 2871 Nomen
487 2825 598 2884 ejus.
627 2828 685 2872 H.
711 2842 751 2875 e.
785 2827 970 2888 judicio
1000 2829 1166 2890 capitis
1189 2839 1548 2890 accusaturum,
1566 2840 1620 2877 ut
1641 2831 1763 2891 Cic„
1794 2831 1921 2878 Ver-r.
1939 2866 1955 2888 ‚

211 2921 256 2961 1,
291 2904 320 2949 6
365 2920 376 2948 ε
421 2925 439 2945 «
474 2905 661 2951 Nomen
702 2906 904 2953 hominis
937 2907 1232 2955 audacissimi
1270 2908 1435 2954 detuli.
1477 2930 1495 2950 υ
1532 2909 1609 2956 Sic
1661 2911 1868 2971 Noster,
1909 2910 1959 2956 in

212 2981 387 3026 Domit.
447 2997 521 3027 xv.

278 3014 467 3093 Asinius
491 3049 661 3095 Pollio.
688 3050 804 3095 Belli
829 3050 977 3097 civilis
1003 3051 1248 3098 historiam
1271 3053 1479 3115 scripsit,
1505 3062 1559 3099 ut
1590 3054 1733 3102 docet
1756 3056 1922 3103 Horat.
1943 3090 1957 3115 ,

220 3126 306 3170 ocl.
333 3141 393 3184 11,
433 3141 450 3170 1
483 3142 494 3171 :

445 3246 602 3285 Motum
628 3257 676 3284 ex
698 3244 863 3285 Metello
887 3246 1047 3288 consule
1067 3245 1238 3290 civicum
1261 3278 1272 3298 ‚

447 3313 625 3368 Benique
648 3328 779 3355 causas
802 3322 838 3355 et
867 3315 960 3356 vilia
981 3325 1017 3357 et
1040 3317 1191 3358 modos.
