2372 3918
407 234 467 289 48
1070 236 1117 280 C.
1150 198 1436 281 SIIETONII

406 337 594 412 liquit,
629 357 803 413 neque
832 335 1062 393 voluisse
1090 358 1146 393 se
1180 338 1382 394 diutius
1411 340 1617 408 vivere,
1649 360 1823 416 neque
1849 360 2085 406 curasse,

406 434 550 511 quod
581 435 890 491 valetudine
925 436 1103 491 minus
1143 458 1401 514 prospera
1436 448 1679 493 uteretur
1705 460 1718 493 z
1747 438 1973 514 ideoque
1993 476 2013 506 :-
2044 446 2099 488 et

406 554 525 609 quae
559 534 845 611 religiones
891 548 1203 607 monerent,
1244 548 1298 591 et
1339 557 1469 611 quae„
1500 539 1874 594 renuntiarent
1907 533 2098 606 amici,

408 632 714 710 neglexisse.
759 636 897 689 Sunt
944 634 1037 709 qui
1075 646 1290 710 putent,
1331 635 1594 690 confisum
1642 656 1765 691 eum
1798 635 2090 689 novissimo

407 730 500 787 illo
546 730 1009 787 senatusconsulto
1065 752 1126 787 ac
1175 732 1530 808 jurejurando
1548 776 1563 798 ‚
1614 735 1775 789 etiam
1824 733 2093 787 custodias

407 830 798 905 Hispanorum,
826 849 950 884 cum
973 829 1162 906 gladiis
1183 832 1506 885 sectantium
1536 850 1616 901 se,
1646 833 1950 887 removisse.
1982 829 2090 886 Alii

407 949 435 982 e
455 927 667 992 diverso
691 928 996 1004 opinatum,
1025 927 1245 984 insidias
1277 928 1518 1004 undique
1545 930 1886 984 imminentes
1914 930 2095 984 subire

408 1026 565 1082 semel
597 1026 901 1082 confessum
937 1028 1100 1082 satius
1131 1047 1268 1099 esse,
1298 1048 1459 1103 quam
1496 1047 1683 1082 cavere
1726 1048 1953 1103 semper.
1989 1026 2094 1082 Alii

409 1126 589 1181 ferunt
621 1126 797 1182 dicere
840 1126 1087 1198 solitum,
1123 1148 1233 1182 non
1284 1140 1395 1182 tam
1437 1148 1557 1196 sua,
1595 1147 1758 1202 quam
1787 1125 2096 1202 reipublicae

409 1227 802 1303 interesse,uuti
832 1225 1008 1281 salvus
1037 1239 1175 1282 esset
1201 1248 1212 1281 :
1243 1247 1297 1282 se
1319 1214 1428 1303 jam
1458 1227 1667 1303 pridem
1695 1227 1948 1302 potentiae
1984 1224 2097 1301 glo-

407 1326 604 1401 riaeque
630 1325 842 1380 abunde
870 1325 1127 1403 adeptum
1150 1347 1163 1380 z
1195 1325 1580 1402 rempublicam
1600 1368 1614 1394 ,
1643 1327 1686 1380 si
1707 1324 1838 1400 quid
1858 1325 1958 1379 sibi
1974 1344 2093 1378 eve-

409 1424 574 1494 niret,
607 1444 780 1499 neque
815 1426 1053 1499 quietam
1087 1425 1226 1500 fore,
1264 1437 1317 1479 et
1350 1424 1626 1500 aliquanto
1669 1424 1933 1478 deteriore
1977 1443 2098 1476 con-

407 1522 610 1577 ditione
639 1522 816 1577 civilia
839 1521 977 1578 bella
1008 1523 1325 1578 subituram.

485 1623 816 1677 LXXXVII.
845 1621 989 1676 Illud
1019 1621 1179 1698 plane
1209 1623 1350 1678 inter
1372 1642 1557 1676 omnes
1586 1620 1695 1676 fere
1725 1622 1994 1692 constitit,
2027 1632 2097 1675 ta-

407 1722 510 1778 lem
528 1724 575 1778 ei
604 1735 835 1778 mortem
862 1744 1012 1800 paene
1037 1743 1102 1778 ex
1119 1724 1382 1778 sententia
1405 1723 1674 1799 obtigisse.
1696 1725 1839 1778 Nam
1857 1734 1911 1776 et
1929 1742 2097 1797 quon-

407 1821 557 1889 dam,
588 1843 757 1898 quum
790 1822 935 1898 apud
962 1822 1382 1898 Xenophontem
1404 1820 1642 1897 legisset,
1671 1823 1878 1897 Cyrum
1906 1820 2096 1876 ultima

405 1920 713 1976 valetudine
740 1921 1021 1976 mandasse
1048 1920 1291 1996 quaedam
1321 1919 1388 1974 de
1409 1919 1596 1975 funere
1625 1940 1751 1991 su0,
1782 1931 2095 1996 aspernatus

405 2034 516 2077 tam
546 2022 753 2077 lentum
789 2022 978 2076 mortis
1008 2042 1175 2097 genus
1195 2065 1209 2090 ‚
1241 2021 1474 2076 subitam
1504 2021 1604 2075 sibi
1634 2019 1965 2095 celeremque
2005 2040 2097 2094 op-

404 2133 625 2176 taverat.
657 2124 726 2177 Et
756 2121 929 2198 pridie
960 2141 1123 2196 quam
1169 2120 1509 2175 occideretur
1534 2161 1549 2190 ,
1595 2120 1651 2174 in
1690 2140 1934 2174 sermone
1967 2131 2094 2173 nato

404 2241 567 2297 super
595 2241 828 2290 coenam,
873 2219 1018 2296 apud
1064 2223 1142 2275 M.
1181 2219 1476 2295 Lepidum,
1506 2220 1754 2294 quisnam
1799 2230 1934 2273 esset
1974 2218 2095 2273 finis

404 2321 524 2375 vitae
567 2318 1056 2391 commodissimuS‚
1100 2319 1444 2394 repentinum
1478 2318 1924 2394 inopinatumque
1960 2338 2095 2392 prae-

403 2418 616 2476 tulerat.

480 2520 834 2575 LXXXVIII.
868 2518 1035 2574 Periit
1058 2528 1206 2572 sexto
1237 2529 1291 2572 et
1319 2517 1763 2593 quinquagesimo
1794 2515 1964 2570 aetatis
2003 2535 2092 2568 an-

402 2638 474 2672 no
510 2638 522 2671 :
556 2629 718 2691 atque
760 2617 816 2670 in
858 2619 1104 2671 Deorum
1151 2636 1438 2670 numerum
1477 2613 1675 2669 relatus
1711 2627 1816 2686 est,
1850 2635 1964 2668 non
2004 2633 2096 2667 ore

401 2714 564 2770 modo
594 2714 1026 2784 decernentium,
1058 2713 1150 2769 sed
1180 2725 1233 2767 et
1261 2714 1606 2789 persuasione
1632 2711 1796 2788 vulgi.
1820 2711 2092 2787 Siquidem

401 2811 571 2884 ludis,
596 2833 731 2888 quos
763 2813 966 2888 primos
990 2824 1325 2867 consecratos
1346 2813 1393 2866 ei
1411 2812 1565 2866 heres
1589 2813 1867 2886 Augustus
1883 2810 2090 2879 edebat,

400 2911 551 2968 stella
572 2912 764 2966 crinita
798 2930 898 2986 per
935 2923 1139 2987 septem
1169 2910 1281 2965 dies
1321 2911 1608 2965 continuos
1641 2908 1812 2978 fulsit,
1851 2909 2091 2963 exoriens

400 3012 541 3067 circa
570 3010 908 3066 undecimam
935 3011 1124 3065 horam
1150 3008 1555 3083 :creditumque
1580 3019 1690 3078 est,
1719 3008 1950 3062 animam
1979 3027 2087 3062 esse

399 3110 622 3166 Caesaris
663 3110 720 3164 in
760 3108 955 3164 coelum
990 3109 1231 3184 recepti:
1265 3119 1316 3161 et
1347 3107 1448 3162 hac
1493 3107 1559 3162 de
1600 3127 1760 3162 causa
1805 3103 2088 3160 simulacro

401 3209 514 3283 ejus
550 3209 606 3262 in
660 3208 857 3264 vertice
904 3207 1121 3262 additur
1164 3205 1329 3261 stella.
1371 3207 1593 3262 Curiam
1641 3206 1696 3259 in
1733 3223 1838 3278 qua
1884 3203 2086 3257 occisus
