2372 3918
411 273 435 318 3
450 293 463 320 1
478 282 502 329 f,
1173 280 1365 327 'NOTAE

478 372 648 417 Virum.
675 374 812 419 Hunc
841 375 1053 421 nominat
1075 373 1384 435 Xiphi1.,·ub.
1411 392 1513 438 sup.
1529 409 1544 434 ,
1569 393 1615 438 p.
1653 378 1744 436 765
1777 396 1788 424 ε
1815 389 1998 433 Remum
2023 382 2116 434 ῥου.

405 458 506 510 φῖνον
530 457 737 502 ἀπήλασεν
762 461 805 501 ἐκ.
829 464 898 502 τοῦ
922 456 1125 517 συνεδρίου
1140 492 1151 509 ,
1179 460 1238 501 ὅτι
1272 462 1450 517 ὠρχεῖτο.

470 526 724 593 Probros-ck.
761 529 818 573 H.
850 545 888 575 e.
916 546 1020 589 quae
1045 528 1262 575 adulterii
1286 530 1515 589 probrum
1542 529 1590 574 in
1615 546 1662 575 se
1696 532 1990 579 admiserant.

470 602 721 650 Scantinia.
750 607 819 650 Al.
856 606 1080 663 Scatinia‚
1107 607 1242 666 quod
1268 622 1400 666 aeque
1431 613 1625 652 rectum.
1651 609 1747 653 Lex
1772 619 1924 655 autem
1949 611 2027 656 illa
2059 614 2119 656 de

403 677 612 736 nefanda
643 681 818 726 Venere
835 683 928 727 lata
958 691 1026 728 est
1052 698 1077 728 a
1100 682 1305 727 Scatinio
1331 682 1560 742 quodam,
1584 685 1640 728 A.
1666 686 1725 729 U.
1767 685 1875 730 526.

465 758 675 802 Priora...
696 760 973 819 posteriora.
998 761 1070 805 Ex
1093 759 1396 819 sequentibus
1427 759 1536 803 satis
1559 769 1719 818 patere
1739 760 1928 806 videtur
1949 764 2116 822 priora

401 835 722 892 et'pooterc'ora
747 835 806 880 ad
822 834 1078 880 Domitiani
1102 834 1420 895 principatum
1435 836 1621 894 pariter
1642 835 1883 882 referenda
1904 853 2027 895 esse,
2052 839 2115 884 ita

397 916 450 954 ut
466 911 601 969 prius
624 913 832 971 capitale
856 914 992 956 modo
1018 912 1299 971 supplicium
1317 921 1542 956 statueret
1549 928 1613 966 ;...
1634 923 1827 971 postea,
1850 929 1998 973 quum
2020 929 2111 974 pa·-

395 1001 501 1036 rum
535 1002 582 1031 se
613 988 864 1047 profecisse
899 988 1143 1033 clementia
1183 986 1551 1044 vidisset‚'more
1582 990 1754 1042 veteri,
1789 989 1837 1033 in
1876 990 2113 1036 convictas

395 1062 809 1121 animadverteret,
841 1065 885 1109 h.
912 1080 951 1110 e.
990 1081 1000 1109 :
1042 1064 1322 1124 «Virginem
1346 1064 1534 1122 defodi,
1560 1072 1850 1123 stupratores
1882 1065 2024 1127 virgis
2054 1068 2113 1112 ad

393 1154 551 1183 necem
581 1141 695 1184 caedi
721 1141 962 1199 juberet.»
986 1143 1057 1184 De
1090 1140 1182 1186 hoc
1205 1157 1332 1184 more
1359 1142 1514 1185 veteri
1543 1141 1613 1186 Cf.
1648 1142 1797 1186 Dion.
1829 1143 1973 1199 Hm,
2002 1147 2109 1189 Ant.

391 1215 550 1270 Rom.,
577 1233 617 1260 11
635 1252 647 1273 ‚
679 1232 725 1276 p.
761 1232 865 1275 127,
893 1226 938 1261 et
963 1219 1260 1273 pun-inca„
1282 1216 1333 1262 in
1363 1219 1522 1271 Num„
1554 1232 1603 1277 p.
1629 1217 1707 1274 67.

464 1292 587 1337 Viro.
607 1294 747 1338 Haud
763 1295 859 1339 scio
872 1310 930 1338 an
942 1293 1131 1339 Valerio
1146 1293 1407 1351 Liciniano,
1426 1295 1484 1338 de
1502 1310 1598 1353 quo
1612 1293 1727 1338 Plin.
1740 1327 1752 1349 ,
1769 1295 1937 1355 Epist„
1950 1311 2016 1354 xv,
2039 1313 2056 1341 1
2070 1314 2109 1342 1.

454 1371 561 1414 CAP.
588 1372 667 1417 IX.
698 1372 843 1424 Reos,
871 1372 961 1431 qui.
987 1370 1045 1414 H.
1075 1386 1113 1415 e.
1140 1386 1344 1431 quorum
1371 1371 1563 1416 nomina
1590 1379 1698 1416 ante
1729 1371 2106 1431 quinquennium

389 1448 451 1491 ob
480 1463 537 1492 aes
561 1447 762 1491 alienum
787 1448 846 1492 ad
865 1447 1048 1505 judiees
1073 1447 1247 1503 delata,
1274 1447 1518 1507 proposita
1543 1447 1695 1491 adhuc
1719 1446 1768 1491 in
1793 1448 1957 1492 aerario
1985 1465 2107 1508 pen·-

388 1523 577 1580 derent,
610 1539 660 1567 re
691 1524 904 1568 nondum
941 1523 1268 1582 dijudicata...
1295 1538 1569 1583 quanquam
1599 1524 1644 1566 h.
1684 1524 1712 1568 l.
1749 1540 1848 1568 non
1871 1525 1930 1569 de
1961 1527 2107 1570 aerarii

386 1607 568 1643 tautum
593 1600 913 1656 debitoribus,
946 1600 1027 1644 sed
1075 1599 1311 1643 diuturnis
1347 1599 1540 1643 omnino
1585 1598 1675 1643 reis
1711 1615 1974 1645 sermonem
2013 1616 2107 1646 csse

385 1675 665 1720 Casaubono
696 1677 1053 1721 concedendum
1078 1684 1123 1721 et
1154 1676 1383 1720 Ernestio.
1446 1730 1448 1735 y

452 1752 666 1797 Clodiam
700 1755 866 1814 legem.
901 1756 973 1798 De
996 1754 1083 1798 hac
1110 1754 1227 1798 nihil
1253 1759 1447 1798 constat.

446 1831 691 1875 Subsiciva.
719 1833 777 1876 H.
807 1847 845 1878 e.
885 1822 1042 1892 partes
1066 1846 1141 1876 eas
1170 1847 1274 1891 quae
1296 1831 1427 1874 velut
1461 1829 1671 1889 reliquiae
1692 1838 1802 1891 post
1825 1830 2102 1877 divisionem

382 1907 716 1966 superfuerunt
741 1915 786 1952 et
816 1908 875 1952 de
902 1923 1101 1968 quarum
1131 1906 1425 1967 possessione
1453 1907 1785 1951 controversiae
1813 1907 2104 1952 intercedere

379 1984 604 2028 solebant.

444 2062 655 2104 Falce-ales
687 2062 964 2105 calumnias.
1000 2060 1058 2105 H.
1085 2075 1111 2105 e
1137 2059 1274 2104 falsas
1299 2059 1558 2104 delationes
1582 2057 1642 2103 ad
1669 2061 1974 2107 commodum
2003 2061 2101 2108 fisci

379 2136 604 2181 adversus
637 2136 760 2181 cives
784 2137 998 2182 intentas.

443 2215 549 2259 Cn.
586 2214 647 2260 X.
674 2215 873 2258 Paridctv.
901 2216 971 2258 De
999 2229 1095 2273 quo
1123 2213 1233 2257 vide
1256 2227 1383 2272 sup„
1411 2228 1507 2256 mv.

444 2290 660 2350 Figuras.
690 2291 745 2334 H.
772 2306 811 2335 e.
849 2291 1038 2350 oblique
1063 2289 1111 2334 in
1143 2305 1189 2334 se
1215 2290 1353 2334 dicta.

440 2367 722 2412 Munerario.
756 2368 814 2411 H.
841 2383 879 2412 e.
905 2366 1202 2423 Domitiano,
1230 2366 1313 2426 qui
1336 2382 1508 2411 munus
1533 2364 1714 2410 edebat.

443 2445 782 2489 Parmularius
819 2445 902 2488 Η.
925 2460 964 2489 e.
1015 2444 1098 2504 qui
1137 2444 1372 2488 Threcum
1406 2451 1652 2488 armaturae
1699 2443 1852 2499 favet,
1840 2459 1850 2468 ·
1893 2444 2092 2491 Threces

374 2522 496 2564 enim
524 2537 610 2580 par
614 2537 735 2566 mam
740 2517 995 2581 gerebant

440 2599 748 2642 Salvidaenum
766 2598 977 2656 Oficum.
1004 2597 1225 2642 Cf.P1111.,
1242 2592 1430 2656 ,ApolL
1452 2598 1541 2643 Vct.
1556 2631 1571 2653 ,
1601 2604 1815 2654 v11,14‚
1841 2606 1887 2641 et
1900 2612 2017 2652 vm
2046 2598 2088 2642 3.

436 2676 639 2719 Acilium
665 2675 975 2719 Glabrionem.
1002 2674 1303 2720 Cf.X11›u11.
1315 2706 1329 2731 ,
1362 2690 1519 2733 van,
1549 2692 1596 2736 p.
1627 2675 1736 2732 766.

434 2752 607 2794 AEle'um
640 2752 870 2796 Lamiam.
896 2750 1155 2807 Juvenalis,
1181 2759 1264 2795 sat.
1289 2740 1355 2808 iv,
1386 2750 1473 2806 154
1501 2769 1512 2797 ε

671 2924 679 2932 .
699 2923 708 2931 .
729 2896 815 2933 Hoc
838 2893 974 2934 nocuit
997 2894 1220 2935 Lamiarum
1243 2895 1344 2935 caede
1372 2897 1560 2937 madenti.

429 3055 639 3095 Εὐτακτῶ.
662 3046 956 3091 Dicebantur
973 3054 1177 3094 εὐτακτεῖν
1197 3046 1281 3105 qui
1304 3046 1632 3090 conservandae
1649 3044 1776 3091 vocis
1799 3062 1936 3092 causa
1954 3046 2081 3092 omni

365 3122 561 3166 libidine
586 3122 909 3179 abstinebant,
933 3121 984 3166 id
998 3122 1132 3181 quod
1155 3137 1202 3166 se
1225 3137 1422 3182 quoque
1446 3123 1599 3167 facere
1637 3139 1723 3183 per
1743 3123 1903 3182 jocum
1918 3122 2079 3168 Lamia

363 3198 570 3254 dicebat,
601 3199 679 3243 cui
701 3199 1000 3244 Domitianus
1024 3198 1186 3243 uxoris
1210 3214 1347 3243 usum
1381 3199 1639 3260 eripuisset.

430 3284 575 3329 Θέλεις.
601 3275 705 3318 Hoc
735 3275 862 3318 varie
897 3275 1265 3335 interpretantur
1290 3276 1419 3320 docti
1442 3276 1529 3320 viri
1553 3294 1563 3321 :
1589 3279 1655 3322 Cl.
1682 3279 1808 3322 Hase
1833 3276 2074 3331 assentior,

2370 599 2372 601 .
2355 0 2372 549 .-—.——=.=.an—u.-„..-·-..-——ffl
