2372 3918
437 235 496 279 (ὣ),
1113 231 1162 278 C.
1204 231 1506 276 SUETONII

437 340 655 392 futurus
683 347 849 406 esset,
882 336 1210 392 ostenderet.
1252 338 1338 394 Ne
1371 350 1647 413 exsequar
1674 334 1922 413 singula,
1953 348 2173 392 contre-

436 438 598 493 ctatis
634 436 937 493 multorum
972 436 1274 509 uxoribus,
1304 437 1609 494 Domitiam
1646 437 1958 512 Longinam
1981 480 1997 508 ‚
2031 435 2174 492 AElio

436 539 641 594 Lamiae
670 550 928 615 nuptam,
961 538 1123 593 etiam
1164 537 1221 592 in
1251 538 1668 594 matrimonium
1702 536 1932 593 abduxit
1967 558 1978 592 ε
2011 549 2177 614 atque
2208 605 2210 608 .

379 692 389 702 ,
436 658 550 694 uno
594 637 682 695 die.
709 658 875 715 super
912 638 1106 715 viginti
1143 637 1338 694 ‘officia
1374 639 1588 695 urbana
1618 649 1714 694 aut
1761 637 2056 715 peregrina
2089 636 2174 692 di-

435 739 687 808 stribuit,
742 762 769 791 «
794 738 984 794 mirari
1038 759 1127 810 se,
1157 763 1182 790 »
1223 740 1560 815 Vespasiano
1606 738 1922 810 dictitante,
1965 762 1993 790 α
2023 739 2175 814 quod

437 860 804 895 successorem
836 860 948 894 non
979 850 1033 894 et
1063 838 1164 893 sibi
1197 839 1456 895 mitteret.
1489 863 1516 892 ›>

515 942 586 997 II.
624 939 1050 1017 Expeditionem
1086 961 1309 1017 quoque
1342 942 1398 997 in
1435 940 1675 997 Galliam
1711 944 2178 1019 Germaniasque,

436 1062 614 1117 neque
664 1042 1058 1112 necessariam,
1097 1053 1151 1096 et
1187 1039 1634 1098 dissuadentibus
1670 1044 1914 1119 paternis
1949 1043 2140 1099 amicis
2163 1087 2178 1115 ,

435 1140 744 1214 inchoavit,
775 1154 991 1197 tantum
1026 1154 1089 1197 ut
1118 1141 1271 1197 fratri
1305 1162 1361 1198 se
1398 1154 1452 1199 et
1482 1142 1743 1220 operibus
1773 1155 1828 1200 et
1857 1143 2180 1222 dignatione

432 1240 763 1318 adaequaret.
814 1242 904 1298 Ob
939 1243 1055 1298 haec
1107 1252 1424 1319 correptu'S,
1471 1265 1581 1319 quo
1617 1245 1790 1320 magis
1826 1255 1879 1323 et
1911 1245 2083 1301 aetatis
2125 1256 2179 1300 et

432 1342 766 1398 conditionis
795 1341 1205 1415 admoneretur,
1238 1343 1525 1400 habitabat
1554 1365 1680 1400 cum
1715 1355 1873 1421 patre
1905 1364 2043 1416 una,
2075 1343 2180 1400 sel·

433 1441 654 1519 lamque
690 1444 806 1521 ejus
835 1465 898 1500 ac
928 1444 1144 1516 fratris,
1171 1445 1387 1522 quoties
1416 1431 1736 1522 prodirent,
1771 1443 1965 1500 lectica
1992 1465 2182 1521 seque-

435 1544 602 1599 batur
627 1566 639 1600 :
665 1565 728 1600 ac
754 1532 1098 1623 triumphum
1128 1547 1418 1622 utriusque
1440 1545 1724 1622 judaicum
1755 1566 1899 1622 equo
1928 1543 2056 1601 albo
2084 1566 2176 1602 co-

434 1645 660 1701 mitatus
683 1658 779 1701 est.
797 1648 863 1701 In
879 1667 970 1701 sex
985 1645 1360 1702 consulatibus
1382 1668 1491 1702 non
1514 1647 1615 1702 nisi
1633 1667 1804 1702 unum
1830 1647 2174 1716 ordinarium
2231 1642 2236 1653 ’

437 1747 637 1821 gessit,
669 1745 906 1823 eumque
938 1745 1164 1803 cedente
1199 1760 1254 1803 et
1287 1747 1623 1825 suffragante
1660 1748 1847 1803 fratre.
1886 1747 2177 1804 Simulavit

433 1858 488 1902 et
520 1847 636 1924 ipse
669 1849 806 1903 mire
839 1849 1202 1914 modestiam3
1236 1850 1602 1926 inprimisque
1637 1850 1865 1926 poeticae
1898 1847 2141 1904 studium
2161 1892 2175 1919 ,

431 1959 541 2003 tam
573 1948 849 2005 insuetum
882 1962 1042 2005 antea
1079 1949 1181 2005 sibi
1201 1993 1215 2021 ,
1243 1971 1409 2026 quam
1444 1961 1631 2027 postea
1663 1948 1910 2026 spretum
1939 1961 1994 2004 et
2025 1949 2174 2026 abje-

430 2060 582 2103 ctum
616 2070 628 2103 ε
659 2050 1021 2126 recitavitque
1055 2051 1217 2105 etiam
1248 2047 1483 2127 publice.
1516 2051 1633 2105 Nec
1661 2062 1844 2104 tamen
1875 2070 1940 2104 eo
1969 2051 2175 2120 seciuS,

434 2170 607 2226 quum
644 2149 961 2228 vologesus
1003 2151 1337 2207 Parthorum
1371 2171 1465 2206 rex
1496 2148 1697 2207 auxilia
1745 2149 2009 2205 adversus
2053 2149 2178 2206 Ala-

431 2271 559 2322 nOS,
596 2250 906 2328 ducemque
948 2250 1182 2307 alterum
1216 2273 1281 2307 ex
1324 2244 1644 2328 Vespasiani
1683 2249 1893 2322 liberiS,
1927 2250 2176 2328 depopo-

428 2351 616 2406 scisset
637 2395 652 2423 ,
681 2353 835 2407 omni
869 2373 974 2430 ope
1006 2351 1326 2425 contendit,
1360 2365 1422 2408 ut
1457 2353 1571 2428 ipse
1605 2341 1956 2429 potissimum
1986 2352 2173 2407 mitte-

427 2464 595 2508 retur.
633 2456 702 2509 Et
737 2454 865 2530 quia
901 2453 1144 2509 discussa
1173 2473 1259 2509 res
1297 2465 1411 2524 est,
1447 2451 1582 2507 alios
1610 2452 1857 2508 Orientis
1894 2464 2078 2529 regeS,
2113 2463 2175 2507 ut

426 2552 573 2609 idem
613 2552 985 2630 postularent,
1030 2552 1189 2609 donis
1225 2575 1287 2609 ac
1335 2551 1832 2630 pollicitationibus
1877 2550 2172 2608 sollicitare

429 2655 680 2710 tent-avit.
711 2657 878 2710 Patre
909 2654 1200 2725 defunctO,
1231 2654 1325 2709 diu
1356 2665 1645 2710 cunctatus
1665 2697 1680 2726 ,
1707 2674 1778 2709 an
1807 2651 2040 2730 duplum
2069 2652 2167 2709 do·-

424 2756 674 2811 nativum
701 2754 864 2811 militi
888 2755 1141 2827 offerret,
1166 2775 1450 2834 nunquam
1473 2756 1679 2832 jactare
1703 2753 2004 2824 dubitavit,
2033 2778 2059 2805 «
2080 2771 2168 2809 re·-

423 2854 616 2929 lictum
649 2876 705 2911 se
750 2857 1074 2934 participem
1120 2857 1373 2935 imperii,
1404 2855 1500 2912 sed
1542 2854 1790 2937 fraudem
1836 2866 2166 2911 testamento
2222 2856 2224 2859 ’

423 2955 796 3012 adhibitam.»
836 2958 1032 3034 Neque
1076 2959 1308 3014 cessavit
1349 2979 1415 3015 ex
1460 2979 1526 3013 eo
1557 2956 1781 3013 insidias
1817 2968 2028 3028 struere
2059 2953 2166 3010 fra-

423 3056 493 3111 tri
525 3055 665 3112 clam
700 3055 993 3134 palamque
1020 3080 1032 3114 τ
1062 3059 1247 3136 quoad
1277 3071 1595 3135 correptum
1628 3056 1782 3134 gravi
1815 3054 2160 3124 valetudine,

422 3157 575 3231 prius
615 3178 783 3233 quam
814 3157 976 3236 plane
1015 3158 1228 3215 efflaret
1270 3159 1546 3231 animam,
1585 3178 1685 3236 pro
1728 3170 1952 3213 mortuo
1986 3155 2160 3211 deseri

419 3256 577 3331 jussit
609 3278 621 3311 ε
655 3257 1088 3336 defunctumque
1137 3258 1290 3313 nullo
1325 3271 1689 3336 praeterquam
1710 3256 2160 3312 ‘consecrationis
