2404 3984
391 277 415 307 2
1063 266 1113 310 C.
1152 263 1440 309 SUETONII

388 364 567 440 aliqua
602 363 914 440 conjectura
948 386 959 419 ε
1007 367 1336 434 Vino-erent,
1371 385 1443 421 ac
1478 364 1584 421 sibi
1611 364 1873 421 haberent
1888 387 1911 435 ,·
1942 369 2103 425 dam-

388 463 550 520 modo
577 466 778 520 scz'tent
792 507 810 532 ,
841 484 962 520 eam
981 507 999 534 ,
1031 485 1190 541 quem
1222 465 1544 521 incolumem
1576 476 1732 520 tanto
1762 485 1920 543 opere
1948 487 2107 545 cupe-

386 575 538 634 rent,
574 563 906 642 quandoque
940 564 1281 641 optimatium
1302 563 1567 643 partibus
1583 609 1601 634 ,
1636 586 1783 642 quas
1815 586 1999 622 secum
2040 572 2109 623 si-

385 663 503 720 mul
527 663 927 738 defhndissenc,
965 664 1137 719 exitio
1153 663 1457 737 futurum5
1486 684 1617 720 nam
1656 666 1876 722 Coesarc‘
1909 666 2108 722 multos

384 764 604 819 Marios
629 763 818 819 inesse.

462 863 533 917 ΙΙ.
581 859 864 938 Stipendia
898 861 1078 937 prima
1117 861 1174 916 in
1214 861 1340 917 Asia
1378 862 1541 932 fecit,
1577 865 1656 918 M.
1702 863 1924 919 Thermi
1968 885 2105 940 prae-

382 969 515 1020 toris
559 959 958 1033 contuberni03
1002 982 1034 1017 a
1076 960 1305 1039 quo,ad
1353 961 1729 1019 arcessendam
1775 961 2001 1018 classem
2050 965 2107 1019 in

380 1061 692 1139 Bithyniam
730 1062 957 1134 miSSUS,
992 1061 1199 1117 desedit
1234 1061 1382 1138 apud
1412 1061 1801 1134 Nicomedem,
1837 1082 1949 1117 non
1990 1063 2105 1117 sine

380 1182 602 1218 rumore
624 1173 909 1239 prostratae
936 1161 1052 1239 regi
1078 1160 1354 1238 pudicitiae
1383 1183 1395 1217 ε
1426 1182 1591 1238 quem
1619 1182 1900 1217 rumorem
1928 1163 2104 1234 auxit,

381 1262 525 1318 intra
556 1281 759 1338 paucos
792 1281 981 1317 rursus
1018 1260 1132 1317 dies
1173 1262 1403 1338 repetita
1438 1261 1726 1338 Bithynia,
1756 1282 1855 1339 per
1885 1282 2103 1318 causam

380 1360 658 1436 exigendae
713 1361 956 1436 pecuniae
978 1403 993 1433 ,
1049 1380 1170 1437 quae
1225 1360 1517 1417 deberetur
1575 1360 1791 1416 cuidam
1850 1359 2106 1416 libertino

381 1457 568 1514 clienti
602 1479 717 1515 suo.
752 1458 988 1535 Reliqua
1021 1459 1248 1531 militia,
1283 1458 1607 1515 secundiore
1638 1458 1783 1514 fama
1816 1458 1954 1531 fuit,
1987 1471 2042 1514 et
2075 1482 2107 1515 a

381 1559 619 1614 Thermo
675 1560 733 1614 in
786 1559 1190 1636 expugnatione
1240 1557 1632 1636 Mytilenarum
1683 1577 1886 1614 corona
1936 1559 2107 1616 civica

381 1657 615 1713 donatus
643 1669 740 1712 est.

461 1759 561 1813 ΙΙΙ.
603 1758 814 1813 Meruit
859 1769 912 1813 et
946 1758 1046 1813 sub
1089 1750 1322 1814 Servilio
1361 1758 1604 1814 Isaurico
1645 1759 1703 1814 in
1741 1757 1966 1831 Cilicia,
2011 1760 2106 1816 sed

301 1882 312 1899 ν
380 1857 535 1912 brevi
570 1867 836 1935 tempore.
870 1859 1015 1915 Nam
1054 1854 1220 1913 Sullae
1253 1868 1433 1912 morte
1464 1857 1782 1935 comperta,
1818 1857 1979 1914 simul
2009 1880 2107 1936 spe

382 1977 535 2013 novae
583 1957 968 2025 dissensioniS,
1013 1977 1139 2033 quae
1180 1977 1290 2033 per*
1313 1959 1393 2014 Μ.
2012 1980 2105 2031 ur,

380 2043 615 2114 Romam
665 2078 899 2134 propere
946 2057 1127 2127 rediit.
1179 2060 1250 2113 Et
1293 1950 2101 2148 Lepidwte,

332 2211 335 2214 .
382 2178 715 2234 quamquam
742 2157 956 2234 magnis
987 2156 1394 2213 conditionibus
1422 2156 1773 2228 invitaretur,
1801 2157 2060 2214 abstinuit
2090 2181 2102 2214 :

382 2277 507 2312 cum
532 2257 753 2334 ingenio
777 2258 892 2333 ejus
920 2256 1151 2328 diffisus,
1179 2267 1293 2311 tum
1320 2255 1620 2328 occasioni,
1643 2276 1809 2332 quam
1838 2257 2106 2313 minorem

383 2358 640 2434 opinione
662 2356 980 2412 offenderat.

462 2459 561 2514 IV.
605 2458 865 2512 Ceterum
885 2500 900 2526 ,
935 2458 1237 2534 composita
1269 2455 1536 2512 seditione
1573 2453 1754 2526 civili,
1785 2453 2105 2512 Cornelium

383 2555 764 2625 Dolabellam,
798 2556 1139 2612 consularem
1177 2567 1231 2612 et
1269 2554 1660 2633 triumphalem
1695 2555 1878 2611 virum
1899 2599 1914 2626 ,
1949 2577 2106 2632 repe-

384 2655 683 2733 tundarum
727 2655 1025 2732 postulavit
1067 2677 1079 2711 :
1122 2654 1514 2732 absolutoque,
1554 2655 1812 2712 Rhodum
1855 2655 2106 2711 secedere

385 2756 599 2827 statuit,
631 2767 685 2811 et
714 2757 782 2812 ad
812 2755 1194 2812 declinandam
1225 2756 1515 2827 invidiam,
1548 2768 1603 2811 et
1631 2768 1692 2811 ut
1717 2777 1815 2833 per
1844 2757 2017 2812 otium
2046 2777 2107 2812 ac

385 2855 629 2930 requiem
658 2855 952 2932 Apollonio
980 2854 1229 2927 Moloni,
1260 2854 1558 2912 clarissimo
1588 2867 1719 2912 tunc
1748 2855 1964 2911 dicendi
1995 2875 2109 2910 ma-

387 2953 590 3030 gistre,
625 2975 849 3030 operam
882 2955 1051 3011 daret.
1088 2958 1211 3011 Huc
1246 2954 1378 3010 dum
1410 2956 1652 3010 hibernis
1680 2955 1795 3030 jam
1830 2955 2104 3010 mensibus

385 3053 621 3134 trajicit,
651 3055 790 3109 circa
821 3054 1247 3110 Pharmacusam
1276 3052 1511 3109 insulam
1538 3074 1571 3109 a
1598 3054 1944 3130 praedonibus
1977 3073 2104 3129 cap-

390 3161 476 3206 tus
516 3163 597 3207 est
625 3166 638 3207 2‘
666 3150 976 3229 mansitque
1020 3151 1168 3228 apud
1198 3173 1322 3222 eos,
1361 3173 1473 3207 non
1516 3153 1631 3208 sine
1669 3172 1883 3208 summa
1912 3151 2104 3228 digna-

390 3250 563 3320 tione,
592 3249 761 3327 prope
787 3252 1150 3328 quadraginta
1175 3250 1314 3322 dies,
1343 3273 1468 3308 cum
1495 3273 1609 3307 uno
1636 3251 1849 3307 medico
1875 3262 1929 3306 et
1951 3253 2104 3307 cubi-
