2372 3918
750 213 1057 261 OCTAVIUS
1088 214 1427 261 AUGUSTUS.
1855 215 1941 263 105

337 318 636 375 LXXXIX.
679 318 764 374 Ne
803 318 1117 372 Graecarum
1158 315 1379 392 quidem
1419 316 1822 393 disciplinarum
1868 317 1943 375 le-

260 416 406 472 viore
433 416 610 472 studio
638 415 922 472 tenebatur
948 435 961 468 :
986 415 1043 469 in
1071 415 1271 491 quibus
1295 427 1350 470 et
1373 415 1502 491 ipsis
1527 417 1814 491 praestabat
1841 416 1947 474 lar-

258 515 396 591 giter
413 557 429 587 ‚
478 515 734 593 magistro
776 512 990 570 dicendi
1033 534 1160 570 usus
1204 513 1540 591 Apollodoro
1581 516 1942 592 Pergameno,

257 633 418 689 quem
441 615 554 690 jam
584 610 843 690 grandem
872 624 1006 669 natu
1037 611 1381 690 Apolloniam
1414 633 1631 690 quoque
1665 633 1846 670 secum
1878 617 1946 671 ab

259 712 407 769 Urbe
430 712 643 789 juvenis
674 711 853 768 adhuc
882 711 1157 768 eduxerat.
1198 713 1409 769 Deinde
1443 712 1750 771 eruditione
1786 714 1947 770 etiam

261 812 406 868 varia
434 810 670 890 repletus
696 820 777 868 est
805 833 903 890 per
931 813 1057 870 Arei
1086 812 1426 891 philosophi,
1455 813 1803 891 filiorumque
1835 814 1950 890 ejus

263 912 505 987 Dionysii
531 923 586 967 et
611 912 920 984 NicanoriS‚
947 912 1366 969 contubernium
1392 934 1405 968 z
1429 934 1541 969 non
1568 925 1749 969 tamen
1773 925 1836 968 ut
1859 924 1954 969 aut

261 1009 568 1086 loqueretur
617 1010 894 1088 expedite,
943 1024 1039 1069 aut
1084 1033 1411 1090 componere
1457 994 1664 1090 aliquid
1707 1013 1949 1069 auderet.

259 1111 399 1166 Nam
429 1122 512 1183 et,
541 1111 586 1166 si
619 1110 751 1188 quid
779 1132 863 1168 res
893 1113 1160 1191 exigeret,
1191 1113 1384 1169 Latine
1412 1112 1710 1184 formabat,
1739 1124 1954 1169 verten-

246 1209 499 1287 ,dumque
538 1209 629 1266 alii
669 1210 847 1268 dabat.
891 1211 997 1268 Sed
1037 1210 1197 1290 plane
1234 1223 1543 1290 poematum
1584 1234 1802 1290 quoque
1841 1232 1951 1269 non

261 1310 568 1386 imperitus,
601 1308 967 1367 delectabatur
1001 1313 1163 1368 etiam
1206 1313 1468 1370 comoedia
1498 1314 1695 1385 veteri,
1729 1325 1784 1369 et
1817 1334 1955 1390 saepe

261 1429 379 1465 eam
407 1410 651 1466 exhibuit
681 1410 914 1488 publicis
943 1412 1283 1490 spectaculis,
1315 1416 1380 1470 In
1409 1412 1720 1470 evolvendis
1750 1415 1953 1470 utrius-

262 1531 366 1586 que
390 1509 587 1588 linguae
609 1512 919 1568 auctoribus
941 1511 1080 1593 nihil
1104 1533 1269 1590 aeque->
1279 1514 1611 1584 sectabatur,
1636 1535 1801 1590 quam
1824 1535 1958 1592 prae-

261 1622 415 1687 cepta
450 1623 503 1666 et
537 1610 783 1687 exempla
822 1602 1039 1688 publice
1067 1611 1151 1668 vel
1180 1615 1434 1690 privatim
1470 1613 1703 1670 salubria
1739 1635 1753 1670 z
1787 1634 1957 1691 eaque

260 1711 329 1767 ad
358 1711 585 1767 verbum
621 1724 897 1788 excerpta,
929 1725 1024 1768 aut
1052 1711 1123 1768 ad
1153 1712 1502 1784 domesticos,
1534 1726 1630 1769 aut
1659 1713 1724 1768 ad
1757 1716 1958 1770 exerci-

263 1823 417 1867 tuum
441 1811 951 1888 provinciarumque
981 1824 1246 1885 rectoreS‚
1275 1824 1367 1868 aut
1396 1811 1464 1867 ad
1487 1813 1653 1870 Urbis
1679 1814 1959 1890 magistra-

262 1923 347 1966 tus
381 1909 700 1988 plerumque
732 1911 1012 1983 mittebat,
1046 1924 1212 1988 prout
1245 1913 1449 1990 quique
1482 1912 1782 1968 monitione
1817 1912 1959 1967 indi-

260 2021 468 2086 gerent.-
491 2010 669 2066 Etiam
696 2009 862 2067 libros
894 2023 1033 2068 totos
1058 2023 1111 2068 et
1138 2012 1348 2068 senatui
1378 2012 1646 2085 recitavit,
1676 2024 1732 2068 et
1754 2010 1959 2089 populo

259 2121 418 2164 notos
451 2129 546 2185 per
583 2109 818 2166 edictum
854 2132 992 2187 saepe
1027 2110 1153 2167 fecit
1186 2133 1199 2166 ε
1231 2123 1294 2167 ut
1325 2112 1600 2168 orationes
1635 2112 1707 2183 Q.
1746 2111 1956 2168 Metelli

259 2208 328 2275 de
344 2208 503 2287 prole
526 2208 787 2286 augenda
796 2252 813 2278 ,
841 2221 896 2265 et
918 2209 1109 2267 Rutilii
1131 2210 1201 2267 de
1226 2210 1389 2267 modo
1415 2210 1778 2286 oedficioram
1807 2234 1824 2266 .·
1849 2231 1960 2287 quo

261 2309 430 2384 magis
460 2307 836 2383 persuaderet,
868 2321 1157 2385 utramque
1195 2331 1310 2365 rem
1347 2330 1458 2366 non
1493 2330 1525 2365 a
1555 2331 1610 2366 se
1639 2311 1818 2387 primo
1848 2312 1962 2366 ani-

170 2478 173 2483 ,
262 2405 623 2478 madversam,
657 2407 749 2463 sed
779 2409 1014 2484 antiquis
1041 2410 1152 2484 jam
1186 2421 1317 2464 tunc
1348 2429 1490 2464 curae
1522 2408 1699 2465 fuisse.
1733 2412 1960 2487 Ingenia

263 2503 427 2560 seculi
456 2506 539 2561 sui
567 2506 820 2562 omnibus
848 2507 1023 2563 modis
1051 2506 1202 2562 fovit.
1230 2508 1534 2564 Recitantes
1558 2519 1614 2563 et
1643 2508 1877 2586 benigne
1905 2521 1961 2565 et

264 2604 529 2680 patienter
560 2603 792 2675 audivit3
827 2626 929 2660 nec
963 2617 1173 2661 tanturn
1203 2606 1444 2661 carmina
1473 2617 1526 2661 et
1555 2606 1832 2677 historias,
1866 2607 1961 2662 sed

264 2714 320 2758 et
353 2703 621 2761 orationes
650 2715 704 2759 et
735 2702 990 2781 dialogos
1026 2706 1300 2780 Componi
1332 2717 1511 2761 tamen
1543 2704 1749 2782 aliquid
1776 2706 1843 2762 de
1872 2727 1959 2778 se,

266 2801 366 2856 nisi
397 2813 452 2856 et
481 2802 652 2870 serie,
680 2813 734 2856 et
762 2822 795 2857 a
822 2802 1302 2877 praestantissimis,
1332 2803 1738 2876 offendebatur3
1771 2794 1960 2861 admo-

266 2901 533 2976 nebatque
558 2913 838 2977 praetoreS‚
868 2921 936 2956 ne
961 2912 1278 2977 paterentur
1304 2923 1502 2962 nomen
1527 2925 1688 2960 suum
1710 2907 1961 2961 commis-

265 3000 503 3055 sionibus
530 2998 846 3056 obsolefieri.

344 3100 461 3155 XC.
505 3101 665 3156 Circa
708 3098 992 3177 religiones
1038 3100 1197 3157 talem
1240 3103 1558 3179 accepimus.
1599 3104 1863 3159 Tonitrua
1904 3112 1959 3156 et

270 3197 480 3276 fulgura
508 3197 669 3275 paulo
697 3197 964 3253 infirmius
993 3201 1403 3275 expavescebat3
1431 3213 1491 3256 ut
1521 3222 1727 3277 semper
1755 3210 1801 3254 ct
1841 3197 1956 3252 ubi-
