2372 3918
954 298 958 302 ι
1027 231 1208 277 NERO.
1869 236 1926 285 210
1939 246 1957 275 1

352 342 502 397 XIII.
540 342 666 397 Non
706 336 972 395 immerito
1007 335 1151 390 inter
1193 332 1494 411 spectacula
1535 335 1601 390 ab
1634 355 1697 391 eo
1732 334 1879 394 edita
1910 350 1964 394 et

272 440 526 497 Tiridatis
561 440 616 495 in
647 438 854 494 Urbem
880 435 1163 491 introitum
1186 432 1483 490 retulerim.
1502 434 1677 506 Quem
1696 438 1964 493 Armenia!

274 559 454 618 regem
472 582 488 613 ,
518 539 724 617 magnis
755 535 1234 615 pollicitationibus
1265 532 1636 605 sollicitatum,
1671 555 1840 610 quum
1875 535 1964 593 de-

276 640 474 696 stinato
492 660 589 717 per
612 638 848 696 edictum
873 636 960 693 die
990 648 1305 692 ostensurus
1333 633 1540 714 populo
1563 648 1786 712 propter
1815 638 1967 694 nubi-

276 737 391 794 lum
433 737 755 809 distulisset,
786 735 1075 814 produxit,
1105 756 1217 812 quo
1255 735 1711 813 opportunissime
1752 737 1967 812 potuit,

279 837 548 915 dispositis
571 837 717 893 circa
754 836 882 892 Fori
914 834 1117 913 templa
1155 835 1374 891 armatis
1417 834 1761 907 cohortibus,
1796 834 1970 892 curuli

278 936 516 993 residens
555 934 701 1012 apud
740 938 936 992 Rostra
969 935 1354 1012 triumphantis
1384 935 1572 991 habitu
1592 976 1607 1006 ,
1636 935 1779 991 inter
1819 936 1973 1012 signa

276 1035 531 1094 militaria
562 1048 721 1113 atque
749 1034 973 1092 vexilla:
993 1048 1047 1092 et
1077 1037 1255 1113 primo
1279 1056 1379 1112 per
1408 1034 1669 1091 devexum
1701 1033 1971 1112 pulpitum

280 1136 595 1193 subeuntem
655 1135 873 1193 admisit
927 1134 996 1192 ad
1061 1155 1236 1213 genua
1252 1179 1267 1206 ,
1329 1134 1725 1212 allevatumque
1790 1134 1976 1191 dextra

281 1230 622 1292 exosculatus
651 1247 766 1306 est;
794 1234 919 1291 dein
954 1237 1227 1312 precanti,
1261 1236 1401 1291 tiara
1439 1234 1701 1308 deducta,
1729 1233 1978 1291 diadema

282 1336 570 1411 imposuit,
626 1334 792 1390 verba
848 1333 1104 1411 supplicis
1158 1335 1511 1411 interpretata
1563 1337 1816 1410 praetorio
1860 1334 1979 1390 viro

284 1432 620 1490 multitudini
645 1435 1059 1511 pronunciante.
1078 1433 1410 1490 Perductum
1443 1433 1568 1489 inde
1591 1433 1648 1488 in
1678 1433 1979 1503 theatrum,

284 1514 346 1589 ac
377 1553 565 1589 rursus
593 1531 986 1610 supplicantem
1006 1576 1021 1605 ,
1047 1533 1199 1609 juxta
1241 1554 1297 1589 se
1334 1532 1499 1589 latere
1528 1532 1718 1590 dextro
1748 1531 1977 1589 colloca-

285 1632 380 1688 vit.
400 1632 487 1688 Ob
511 1652 631 1708 quae
651 1632 947 1709 imperator
961 1631 1353 1703 consalutatuS,
1373 1631 1554 1688 laurea
1575 1633 1631 1687 in
1649 1630 1980 1711 Capitolium

286 1730 409 1786 lata.
450 1733 645 1786 Janum
692 1731 966 1807 geminum
1008 1730 1235 1804 clausit,
1269 1743 1527 1807 tanquam
1570 1730 1724 1788 nullo
1762 1730 1982 1787 residuo

285 1827 444 1885 bello.
1320 1824 1323 1826 ³

364 1931 513 1984 XIV.
537 1928 862 1987 Consulatus
892 1943 1128 2006 quatuor
1159 1930 1356 2007 gessit:
1382 1931 1621 2007 primum
1651 1931 1990 2001 bimestrem,

290 2028 585 2085 secundum
613 2042 669 2085 et
702 2031 1054 2087 novissimum
1087 2042 1366 2087 semestres
1384 2073 1398 2101 ,
1431 2031 1654 2087 tertium
1683 2030 1993 2107 quadrime-

293 2139 456 2183 strem
489 2128 736 2186 :medios
776 2128 912 2185 duos
942 2130 1314 2202 continuavit3
1356 2128 1593 2206 reliquos
1630 2131 1771 2189 inter
1812 2150 1993 2186 annua

294 2228 468 2304 spatia
492 2227 732 2284 variavit.

373 2330 495 2384 XV.
527 2332 590 2384 In
613 2328 987 2404 jurisdictione
1014 2330 1469 2408 postulatoribus,
1490 2332 1592 2388 nisi
1611 2332 1856 2408 sequenti
1881 2330 1995 2401 die,

296 2447 360 2483 ac
375 2447 474 2504 per
489 2426 718 2500 libellos,
735 2449 846 2484 non
868 2440 1065 2486 temere
1081 2429 1378 2507 respOndit.
1395 2429 1772 2508 Cognoscendi
1788 2449 1994 2485 morem

299 2546 425 2582 eum
451 2528 625 2583 tenuit
642 2570 658 2599 ,
686 2540 774 2601 ut,
799 2529 1072 2586 continuis
1103 2530 1408 2585 actionibus
1431 2530 1668 2600 omissis,
1686 2527 1998 2606 singillatim

301 2646 526 2702 quaeque
546 2647 643 2704 per
665 2628 807 2684 vices
827 2641 1025 2705 ageret.
1039 2629 1269 2701 Quoties
1292 2640 1475 2684 autem
1495 2627 1564 2685 ad
1582 2625 1998 2684 consultandum
2051 2655 2053 2657 ·

304 2724 574 2781 secederet
593 2767 609 2798 ,
644 2746 819 2803 neque
845 2727 901 2782 in
930 2747 1219 2784 commune
1247 2729 1562 2804 quicquam,
1589 2747 1766 2803 neque
1805 2746 2002 2803 propa-

305 2824 414 2881 lam
431 2824 791 2897 deliberabat3
817 2825 912 2882 sed
930 2827 1261 2903 conscriptas
1275 2826 1343 2882 ab
1364 2846 1695 2903 unoquoque
1712 2826 2003 2882 sententias

307 2925 505 2981 tacitus
560 2944 622 2981 ac
656 2936 862 2982 secreto
907 2924 1120 3003 legenS,
1153 2924 1302 3003 quod
1349 2925 1450 2981 sibi
1480 2924 1753 2995 libuisset,
1782 2923 2006 3001 perinde

310 3037 471 3102 atque
497 3022 743 3101 pluribus
772 3023 916 3082 idem
942 3025 1233 3097 videretur,
1258 3024 1666 3102 pronunciabat.
1688 3026 1754 3079 In
1781 3023 2005 3080 Curiam

312 3113 692 3180 libertinorum
715 3122 854 3181 filios
877 3122 972 3181 diu
1001 3146 1110 3182 non
1136 3124 1350 3181 admisit
1378 3146 1390 3180 :
1415 3124 1659 3180 admissis
1685 3144 1716 3179 a
1736 3122 2006 3199 prioribus

313 3224 651 3300 principibus
693 3223 925 3281 honores
969 3224 1273 3303 denegavit.
1306 3223 1670 3296 CandidatoS,
1715 3223 1809 3298 qui
1846 3240 2008 3298 supra

508 3347 542 3383 ι.
1707 3320 1776 3378 16
