2372 3918
797 293 863 337 IN
904 293 953 336 C.
995 291 1035 334 J.
1073 288 1398 335 CAESAREM.
1885 296 1968 343 ¹12¹

239 399 285 434 et
310 388 409 450 ipse
438 404 539 435 eam
556 388 617 434 ab
642 385 974 433 Alexandrinis
996 384 1252 441 didicerat,
1269 391 1463 428 auctore
1481 384 1720 441 Macrob.,
1734 384 1819 429 ubi
1841 400 1943 445 sup.
1962 401 1974 429 ε

240 487 259 506 κ
289 467 411 512 Nam
443 464 597 518 Julius
626 464 777 511 Caesar
804 471 860 509 ut
883 461 1092 509 siderum
1115 468 1298 516 motus,
1330 458 1390 504 de
1429 458 1604 520 quihus
1632 475 1732 506 non
1757 460 1978 508 indoctos

237 541 387 588 libros
412 541 633 603 reliquit,
669 540 728 587 ab
753 539 964 602 aegyptiis
994 535 1253 597 disciplinis
1281 534 1467 593 hausit3
1491 534 1554 580 ita
1576 536 1668 581 hoc
1690 552 1888 598 quoque
1918 553 1978 584 ex

237 618 401 665 eadem
434 618 733 664 institutione
748 623 991 662 mutuatus
1011 623 1080 660 est
1098 649 1111 673 ‚
1141 622 1196 658 ut
1226 612 1287 658 ad
1303 612 1415 658 solis
1439 628 1630 659 cursum
1654 611 1851 660 finiendi
1867 615 1979 661 anni

237 704 426 756 tempus
460 695 749 742 extenderet.
771 714 790 734 ιο

306 787 438 830 Duos
460 786 597 831 alios.
621 782 819 829 Dierum
843 790 1022 841 septem
1053 789 1100 825 et
1122 780 1375 843 sexaginta.
1404 782 1637 837 Cnusoa„
1661 780 1722 825 de
1736 780 1829 826 Die
1849 791 1943 827 nae.
1959 812 1977 837 ,

238 878 281 920 1,
317 876 394 907 20.

307 951 421 996 Cn.
449 948 578 994 XLI.
599 947 859 1009 Supplevit.
874 973 939 980 —
965 946 1239 992 Senatorum
1263 945 1387 991 enim
1417 960 1641 991 numerus
1667 944 1803 990 bellis
1828 945 1981 992 civili-

236 1027 328 1072 bus
345 1024 619 1070 imminutus
634 1023 788 1070 suerat
805 1023 892 1069 :ad
905 1031 1173 1086 nongentos
1183 1023 1280 1068 fere
1295 1037 1544 1067 numerum
1560 1021 1799 1083 ampliavit
1814 1023 1979 1068 Caesar.

238 1103 365 1160 Dlo«,
391 1117 515 1147 12111
533 1115 608 1162 ,p-
627 1116 720 1160 227
751 1117 763 1147 t
787 1103 932 1154 Μηδὲν
957 1103 1187 1166 διακρίνων,
1210 1107 1356 1165 μήτέἴ
1372 1123 1432 1156 τις
1454 1107 1725 1165 στρατιώτης,
1752 1110 1849 1166 μήτ’
1865 1107 1902 1149 εἴ
1923 1123 1983 1156 τις

247 1187 319 1229 ἀπ’
352 1187 549 1244 ἐλευθέρου
571 1188 671 1236 παῖς
691 1182 751 1234 ἦν’
778 1186 885 1228 ὥστε
912 1184 983 1228 καὶ
1009 1184 1279 1234 ἐννεακοσίους
1306 1186 1353 1227 τὸ
1375 1185 1589 1242 κεφάλαιον
1619 1185 1750 1229 αὐτῶν
1781 1186 1981 1242 γενέσθαι.

307 1268 504 1329 Allegit.
537 1267 597 1314 11.
621 1283 662 1313 e.
691 1282 840 1313 novas
869 1266 1067 1312 familias
1092 1265 1142 1311 in
1172 1266 1277 1312 illos
1315 1266 1574 1327 assumpsit.
1607 1265 1713 1324 Sic,
1745 1264 1795 1310 in
1823 1274 1943 1327 Aug.
1965 1300 1979 1320 ‚

237 1360 278 1390 11
303 1361 315 1389 ε
341 1365 360 1386 α
381 1346 448 1391 Ea
471 1361 585 1408 gens
611 1361 639 1391 a
657 1344 922 1406 Tarquinio
949 1344 1111 1391 Prisco
1144 1360 1257 1407 rege
1277 1344 1400 1390 inter
1429 1358 1647 1389 romanas
1671 1352 1833 1406 gentes
1856 1345 1981 1387 alle-

240 1431 333 1467 cta.
353 1441 378 1463 n
407 1422 465 1467 In
495 1421 568 1468 his
592 1423 785 1468 allectus
808 1422 989 1469 Cicero.

309 1511 589 1556 Proetorum.
607 1513 760 1557 Antea
775 1511 964 1556 fuerant
987 1519 1125 1568 oct03
1147 1509 1310 1554 decem
1333 1509 1458 1554 fecit.
1473 1536 1541 1545 ·--
1554 1510 1691 1554 Duos
1704 1508 1871 1553 oediles
1893 1507 1985 1553 ad-

234 1588 348 1648 jecit
376 1603 402 1634 e
430 1589 585 1649 plebe.

316 1667 624 1724 Quoestorum.
663 1667 759 1713 Sex
794 1666 942 1712 fuere.
988 1667 1099 1711 Duo
1146 1663 1416 1723 novissimi,
1459 1665 1666 1708 cereales
1701 1662 1840 1720 dicti,
1873 1661 1985 1707 ideo

239 1742 377 1802 quod
393 1742 634 1789 frumento
650 1752 899 1804 praeerant.
918 1744 1186 1798 Ouoestores
1209 1740 1525 1804 quadraginta
1539 1740 1664 1785 fecit.
1682 1739 1806 1785 Vide
1826 1740 1987 1784 Bum-

239 1835 380 1864 oner.
399 1828 446 1865 et
471 1821 618 1866 Haste.

308 1897 546 1942 Minorum
561 1897 934 1958 magistratuum.
961 1895 1149 1953 Quibus
1169 1911 1330 1958 neque
1360 1894 1572 1955 auspicia
1594 1909 1803 1952 servare,
1827 1908 1987 1954 neque

237 1973 520 2019 obnuntiare
540 1973 745 2020 comitiis
769 1973 957 2020 licebat.

303 2064 532 2108 Nudatos.
556 2064 617 2109 H.
644 2079 683 2109 e.
721 2062 892 2109 ordine
924 2078 1014 2109 suo
1045 2062 1244 2123 ejectos,
1274 2078 1375 2124 quo
1403 2077 1544 2108 sensu
1565 2062 1715 2106 nudos
1747 2059 1863 2106 dicit
1889 2060 1986 2108 Cic.

239 2140 311 2184 ad
342 2142 434 2185 Ate.
453 2174 468 2196 ‚
499 2156 548 2199 1,
586 2138 642 2185 15
683 2156 694 2185 :
731 2160 751 2181 α
770 2141 1030 2202 Nunquam
1062 2141 1254 2201 turpior
1291 2140 1341 2185 in
1379 2139 1498 2186 ludo
1537 2137 1705 2183 talario
1745 2152 1989 2184 consessus

238 2216 329 2262 fuit
360 2232 372 2261 τ
400 2217 629 2262 maculosi
655 2225 898 2262 senatores
913 2251 927 2275 ‚
959 2216 1081 2262 nudi
1110 2217 1308 2279 equites.
1338 2237 1359 2259 υ

314 2307 469 2367 Opere
491 2306 715 2351 censorio.
738 2306 798 2351 H.
823 2320 863 2350 e.
894 2320 983 2366 per
1007 2321 1238 2352 censores.

310 2394 529 2440 Comitia.
565 2396 650 2441 Jus
682 2392 1044 2456 magistratuum
1075 2395 1274 2441 comitiis
1297 2394 1642 2451 creandorum,
1678 2408 1826 2454 quum
1853 2400 1990 2439 antea

240 2471 439 2517 comitiis
466 2472 738 2517 centuriatis
761 2470 1065 2533 eligerentur.

309 2549 707 2610 Competitoribus.
728 2547 899 2594 Caesari
923 2551 1197 2596 consulatus
1218 2552 1275 2596 A.
1293 2552 1354 2597 U.
1387 2549 1479 2609 708
1504 2548 1555 2593 in
1584 2547 1867 2594 decennium
1883 2562 1989 2593 cum

244 2625 478 2672 dictatura
503 2625 721 2672 decretus
747 2624 922 2683 fuerat,
955 2624 1021 2672 ita
1042 2634 1097 2672 ut
1120 2625 1205 2688 qui
1233 2635 1401 2688 postea
1424 2626 1722 2672 consulatum
1749 2623 1992 2685 petierunt

244 2703 346 2763 ejus
379 2703 707 2766 competitores
751 2701 930 2748 fuerint
944 2738 957 2760 ,
999 2718 1058 2749 ex
1095 2703 1271 2766 quibus
1308 2705 1512 2767 collegas
1547 2702 1637 2750 sibi
1666 2717 1754 2748 suo
1790 2699 1990 2748 arbitrio

242 2780 397 2843 elegit.

318 2870 543 2916 Teneant.
581 2872 642 2917 H.
674 2886 715 2917 e.
740 2871 1014 2929 obtineant,
1042 2882 1096 2917 ut
1129 2870 1251 2930 Cic„
1278 2872 1340 2917 de
1374 2871 1506 2927 Fin„
1535 2885 1600 2927 11,
1642 2884 1696 2928 17
1731 2883 1744 2914 ε
1777 2888 1797 2910 ι
1816 2866 1993 2913 Tenuit

241 2961 546 3010 permagnam
577 2947 800 2995 Sextilius
824 2948 1161 2996 haereditatem.
1181 2968 1204 2992 ι

306 3015 692 3085 Proscn'ptorum.
711 3015 947 3090 'Intellige
978 3042 1006 3074 a
1037 3027 1167 3074 Sulla
1191 3041 1205 3072 z
1237 3033 1408 3072 contra
1437 3022 1667 3070 nefariam
1696 3023 1847 3086 legem
1885 3037 1993 3083 quse

243 3115 267 3144 a
291 3099 420 3146 Sulla
445 3102 501 3146 A.
525 3103 584 3148 U.
609 3101 704 3161 673
735 3103 831 3150 lata
860 3103 1031 3151 fuerat.

309 3178 520 3240 Redegie.
552 3181 751 3227 Causam
782 3181 952 3228 edocet
973 3182 1067 3229 Dio
1085 3218 1098 3241 ,
1129 3196 1342 3243 xn111,p.
1370 3181 1465 3227 226
1495 3196 1506 3225 ε
1539 3175 1663 3236 ὁπως
1678 3187 1724 3227 τὸ
1749 3182 1993 3242 καθαρώτα-

247 3276 314 3301 τον
344 3260 406 3303 ὅτι
439 3263 624 3320 μάλιστα,
651 3263 715 3308 eut
732 3261 906 3315 δικάζοι.

311 3329 579 3377 Recensum.
598 3333 658 3379 R.
675 3349 733 3392 e.,
758 3343 886 3380 recte
899 3345 1124 3382 monente
1147 3335 1327 3398 Lipsio,
1350 3350 1450 3380 non
1476 3349 1638 3381 censu.»
1659 3332 1886 3387 lustralis,
1909 3329 1994 3376 sed
