2372 3918
383 265 440 314 44
1029 256 1077 301 C.
1112 256 1399 302 SUETONII¹

381 363 570 439 Capua
603 362 819 419 deducti
853 361 969 440 lege
995 364 1023 417 J
1029 360 1138 416 ulia
1166 359 1344 416 coloni
1369 359 1438 415 ad
1465 356 1815 415 exstruendas
1831 356 1979 414 villas
1997 379 2074 414 sc-

381 460 571 537 pulcra
602 463 962 519 vetustissima
1000 461 1333 537 disjicerent,
1378 460 1539 535 idque
1570 478 1632 514 eo
1674 457 1965 513 studiosius
1995 459 2073 513 fa·

380 573 591 635 cerent,
648 562 796 639 quod
852 560 1190 638 aliquantum
1240 558 1586 615 vasculorum
1639 558 1816 635 operis
1865 557 2075 632 antiqui

382 673 681 718 scrutantes
711 661 1084 738 reperiebant3
1116 657 1302 714 tabula
1330 679 1478 714 aenea
1515 659 1573 714 in
1605 667 1986 723 monumentO,
2019 656 2076 710 in

381 781 491 836 quo
522 760 799 816 dicebatur
831 762 1008 835 Capys
1023 802 1037 830 ,
1057 757 1308 814 conditor
1323 759 1549 833 Capuae,
1569 755 1838 835 sepultus,
1857 757 2079 810 inventa

382 871 484 931 est,
517 859 823 936 conscripta
859 857 1051 914 litteris
1088 856 1373 932 verbisque
1405 856 1616 933 graeciS,
1646 856 1747 911 hac
1780 855 2076 911 sententia:

383 958 774 1035 «Quandoque
816 978 937 1014 ossa
974 957 1172 1034 Capyis
1206 955 1415 1012 detecta
1457 967 1663 1028 essent,
1707 954 1823 1010 fore
1858 966 1922 1017 ut
1956 951 2078 1009 Iulo

382 1070 682 1135 prognatus
712 1078 877 1114 manu
922 1056 1449 1134 consanguineorum
1490 1067 1807 1123 necaretur,
1846 1053 2079 1130 magnis-

384 1179 488 1234 que
527 1179 654 1213 mox
686 1156 854 1213 Italiae
893 1155 1137 1213 cladibus
1180 1155 1566 1218 vindicaretur.
1588 1180 1614 1207 ›>
1663 1155 1835 1231 Cujus
1875 1154 1985 1225 rei,
2015 1173 2084 1207 ne

385 1259 505 1333 quis
539 1257 839 1319 fabulosam
870 1268 964 1313 aut
981 1254 1409 1313 commentitiam
1424 1267 1611 1333 putet,
1638 1266 1830 1309 auctor
1846 1265 1926 1307 est
1949 1254 2084 1308 Cor-

385 1357 559 1413 nelius
593 1357 819 1430 Balbus,
842 1357 1291 1413 familiarissimus
1325 1356 1568 1412 Caesaris.
1601 1354 1866 1410 Proximis
1897 1352 2084 1407 diebus

385 1477 648 1533 equorum
695 1478 908 1534 greges,
942 1477 1077 1532 quos
1120 1457 1178 1511 in
1215 1454 1533 1531 trajiciendo
1563 1454 1837 1510 Rubiconi
1875 1450 2085 1507 flumini

386 1569 752 1627 consecrarat,
781 1577 842 1612 ac
871 1577 1038 1633 vagos
1083 1568 1136 1612 et
1177 1556 1291 1611 sine
1334 1553 1558 1610 custode
1607 1552 1906 1624 dimiserat,
1938 1572 2084 1607 com·

386 1656 527 1733 perit
550 1657 976 1732 pertinacissime
1005 1653 1208 1732 pabulo
1239 1654 1537 1726 abstinere,
1568 1652 1910 1728 ubertimque
1938 1651 2082 1706 flere.

387 1759 456 1811 Et
487 1754 856 1811 immolantem
885 1756 1157 1831 haruspex
1183 1755 1457 1831 Spurinna
1486 1753 1724 1823 monuit,
1756 1762 1965 1807 caveret
1997 1770 2088 1826 pe-

388 1854 648 1928 riculum,
678 1854 823 1931 quod
845 1876 957 1910 non
979 1853 1124 1910 ultra
1139 1855 1355 1909 martias
1379 1853 1501 1909 idus
1532 1852 1883 1929 proferretur.
1907 1849 2088 1906 Pridie

390 1968 572 2010 autem
605 1954 818 2010 easdem
850 1953 971 2010 idus
1019 1975 1174 2010 avem
1221 1952 1576 2031 regaliolum,
1624 1973 1749 2008 cum
1784 1950 1970 2006 laureo
2006 1970 2090 2005 ra-

390 2054 539 2111 mulo
564 2055 907 2132 Pompeianae
935 2055 1097 2110 curiae
1116 2076 1170 2110 se
1200 2055 1545 2125 inferentem,
1568 2051 1813 2108 volucres
1836 2051 1972 2106 varii
1997 2071 2090 2127 ge-

391 2155 534 2210 neris
571 2176 635 2210 ex
676 2156 924 2230 proximo
961 2176 1181 2211 nemore
1217 2165 1515 2232 persecutae
1553 2152 1756 2208 ibidem
1793 2151 2090 2227 discerpse-

392 2266 537 2310 runt.
569 2258 648 2310 Ea
679 2276 806 2310 vero
838 2267 1021 2326 nocte,
1053 2257 1141 2310 cui
1172 2254 1351 2310 illuxit
1387 2254 1499 2309 dies
1529 2252 1716 2326 caedis,
1750 2263 1804 2307 et
1848 2252 1962 2327 ipse
1991 2249 2091 2304 sibi

392 2356 539 2410 visus
571 2367 651 2410 est
682 2376 777 2431 per
814 2357 1050 2431 quietem
1088 2354 1365 2410 interdum
1408 2373 1574 2429 supra
1614 2353 1784 2408 nubes
1831 2349 2090 2419 volitare,

395 2454 524 2510 alias
541 2476 664 2510 cum
694 2457 824 2510 Jove
850 2455 1094 2510 dextram
1118 2455 1364 2531 jungere.
1385 2457 1455 2509 Et
1479 2451 1779 2528 Calpurnia
1801 2470 1940 2505 uxor
1963 2450 2095 2503 ima-

396 2556 577 2630 ginata
619 2565 730 2624 est,
782 2553 980 2610 collabi
1031 2553 1306 2630 fastigium
1349 2552 1572 2621 domu'S,
1599 2552 1989 2624 'maritumque
2038 2548 2094 2602 in

397 2655 601 2730 gremio
631 2674 729 2708 suo
759 2652 1014 2708 confodi:
1046 2672 1108 2707 ac
1138 2652 1317 2707 subito
1346 2649 1583 2706 cubiculi
1615 2650 1756 2705 fores
1790 2660 1980 2725 sponte
2008 2667 2098 2723 pa-

399 2765 637 2808 tuerunt.
670 2754 758 2808 Ob
787 2753 900 2807 haec
931 2751 1090 2808 simul
1119 2765 1172 2808 et
1200 2752 1268 2806 ob
1308 2750 1579 2806 infirmam
1606 2748 1974 2804 valetudinem
2003 2746 2095 2800 diu

398 2863 680 2908 cunctatus
712 2872 781 2906 an
812 2872 865 2906 se
897 2853 1197 2907 contineret
1218 2894 1232 2922 ,
1270 2861 1347 2922 et,
1383 2871 1502 2926 quae
1532 2848 1678 2926 apud
1703 2860 1948 2904 senatum
1970 2865 2095 2922 pro-

401 2962 683 3027 posuerat,
716 2971 873 3027 agere
906 2950 1176 3021 differret,
1206 2950 1427 3005 tandem
1458 2953 1526 3006 D.
1554 2952 1726 3004 Bruto
1755 2947 2095 3012 adhortante,

401 3071 468 3105 ne
497 3049 802 3124 frequentes
844 3071 913 3105 ac<
946 3051 1058 3126 jam
1105 3048 1313 3104 dudum
1363 3048 1704 3123 opperientes
1748 3045 2090 3115 destitueret,

335 3141 337 3143 ¹
403 3150 593 3223 quinta
620 3149 728 3204 fere
759 3149 896 3204 hora
923 3168 1238 3225 progressus
1269 3159 1377 3201 est:
1398 3144 1749 3220 libellumque
1780 3141 2084 3197 insidiarum

406 3248 662 3318 indicem,
705 3248 772 3303 ab
805 3249 965 3303 obvio
995 3246 1228 3323 quodam
1260 3236 1570 3322 porrectum
1590 3287 1604 3314 ,
1643 3241 1837 3298 libellis
1875 3239 2084 3311 ceteriS,

2355 2792 2362 2804 Α
2352 2333 2372 2777 -’-Μψ,.οοῐ.ν
2347 2239 2372 2323 .;’,,.’ᾼ
2366 2210 2368 2215 .
2351 2156 2370 2196 2⁴
