2372 3918
392 253 453 301 56
1055 246 1104 292 C.
1145 249 1438 294 SUETONII

387 352 455 408 ad
484 373 704 429 poenam
740 350 1134 430 deposcerent,
1170 353 1318 409 haud
1362 365 1690 410 cunctanter
1734 354 2024 430 oppressit.
2060 356 2126 409 In

384 454 469 510 his
497 455 564 510 A.
591 453 872 509 Caecinam
894 451 1243 510 consularem
1265 455 1474 525 virum,
1505 466 1763 511 vocatum
1793 453 1861 510 ad
1890 446 2126 526 coenam,

385 576 448 611 ac
482 554 709 611 vixdum
746 553 990 612 triclinio
1022 576 1331 633 egressum,
1367 555 1591 613 confodi
1622 556 1784 634 jussit
1825 578 1838 612 :
1870 577 2001 613 sane
2028 577 2125 613 ur·

387 667 551 735 gente
578 653 928 726 discrimine,
965 676 1138 732 quum
1171 657 1336 713 etiam
1368 656 1799 735 chirographum
1834 657 1953 734 ejus
1984 678 2126 735 prae-

387 769 597 837 paratae
635 755 784 833 apud
826 754 1030 813 milites
1065 758 1352 814 concionis
1398 743 1866 835 deprehendisset.
1907 757 2129 832 Quibus

389 858 555 914 rebus
590 858 733 914 sicut
778 859 834 913 in
881 870 1169 935 posterum
1214 859 1498 916 securitati
1545 860 1675 915 satis
1720 859 1893 929 cavit,
1941 859 2016 915 ita
2060 858 2129 914 ad

306 975 309 978 ·
386 980 626 1037 praesens
667 950 973 1037 plurimum
1018 960 1294 1016 contraxit
1334 959 1558 1016 invidiae
1603 981 1616 1016 ε
1663 971 1726 1016 ut
1773 982 1885 1016 non
1925 971 2130 1016 temere

388 1061 509 1137 quis
550 1072 660 1116 tam
709 1060 940 1116 adverso
985 1080 1242 1132 rumore,
1281 1062 1570 1140 magisque
1609 1061 1797 1118 invitis
1835 1060 2127 1132 omnibuS‚

383 1163 669 1219 transierit
699 1162 768 1218 ad
798 1162 1193 1240 principatum.

466 1264 595 1319 VII.
628 1265 835 1319 Praetcr
875 1249 1138 1320 saevitiam
1181 1276 1433 1341 suspecta
1474 1266 1531 1320 in
1580 1283 1648 1320 eo
1691 1265 1860 1320 etiam
1908 1261 2129 1319 luxuria

381 1375 527 1435 erat,
560 1361 712 1440 quod
742 1361 811 1418 ad
834 1361 1076 1419 mediam
1107 1377 1325 1420 noctem
1348 1364 1764 1421 comissationes
1786 1384 1911 1420 cum
1937 1363 2129 1440 profu-

380 1466 595 1522 sissimo
644 1483 867 1541 quoque
912 1462 1268 1521 familiarium
1305 1463 1645 1521 extenderet.
1692 1465 1806 1522 Nec
1844 1463 2030 1519 minus
2070 1462 2133 1519 li-

379 1565 513 1622 bido
531 1609 546 1635 ,
584 1576 811 1643 propter
834 1563 1177 1621 exoletorum
1196 1577 1251 1622 et
1268 1563 1580 1643 spadonum
1609 1556 1837 1644 gregeS,
1871 1574 2129 1643 propter-

380 1688 491 1745 que
536 1666 810 1744 insignem
861 1665 1065 1742 reginae
1115 1666 1406 1723 Berenices
1464 1686 1710 1723 amorem
1735 1709 1751 1738 ,
1817 1667 1908 1722 cui
1966 1665 2130 1721 etiam

384 1768 608 1847 nuptias
636 1765 919 1845 pollicitus
951 1765 1249 1824 ferebatur.
1274 1769 1539 1845 Suspecta
1563 1779 1619 1823 et
1646 1767 1947 1844 rapacitas;
1980 1765 2132 1843 quod

385 1868 697 1939 constabat,
729 1868 785 1923 in
820 1868 1231 1946 cognitionibus
1264 1868 1438 1947 patris
1482 1867 1784 1924 nundinari
1826 1867 2130 1946 praemiari-

381 1991 490 2047 que
522 1968 766 2026 solitum.
799 1969 1057 2046 Denique
1086 1968 1373 2048 propalam
1406 1967 1579 2025 alium
1605 1970 1892 2026 Neronem
1924 1980 1980 2024 et
2007 1969 2132 2046 opi·

381 2071 679 2143 nabantur,
712 2080 766 2124 ct
798 2068 1193 2147 praedicabant.
1230 2073 1304 2128 At
1333 2068 1414 2126 illi
1439 2090 1502 2126 ea
1535 2069 1679 2126 sama
1710 2091 1814 2147 pro
1840 2069 1990 2125 bono
2016 2089 2128 2125 ces·

381 2173 476 2243 sit,
510 2190 891 2247 conversaque
921 2182 1004 2226 est
1027 2171 1084 2226 in
1110 2172 1378 2227 maximas
1404 2169 1623 2244 laudeS,
1653 2160 1836 2247 neque
1852 2170 1991 2226 vitio
2018 2168 2133 2226 ullo

379 2285 632 2352 reperto,
670 2285 725 2327 et
757 2283 949 2327 contra
984 2272 1281 2328 virtutibus
1310 2273 1556 2328 summis.
1589 2271 1863 2329 Convivia
1888 2271 2130 2327 instituit

377 2371 629 2451 jucunda
665 2373 864 2450 magis,
913 2393 1080 2449 quam
1123 2373 1367 2451 profusa.
1418 2373 1644 2430 Amicos
1686 2363 1879 2450 elegit,
1923 2371 2127 2448 quibus

382 2475 547 2532 etiam
574 2487 702 2553 post
730 2494 859 2531 eum
897 2475 1204 2553 principeS,
1252 2487 1315 2530 ut
1354 2487 1409 2531 et
1448 2474 1551 2530 sibi
1591 2485 1647 2529 et
1683 2471 2002 2551 reipublicae
2032 2492 2132 2527 ne-

384 2576 664 2646 cessariis,
703 2576 1132 2652 acquieverunt,
1180 2575 1569 2653 praecipueque
1603 2586 1735 2630 sunt
1766 2575 1867 2630 usi.
1910 2573 2134 2629 Bereni-

388 2698 489 2733 cen
520 2676 709 2732 statim
743 2675 812 2731 ab
843 2675 998 2733 Urbe
1032 2675 1264 2749 dimisit,
1301 2676 1506 2732 invitus
1552 2676 1799 2731 invitam.
1841 2672 2130 2747 Quosdam

383 2799 413 2833 e
455 2777 779 2856 gratissimis
811 2775 1202 2848 delicatorum,
1236 2797 1574 2855 quamquam
1607 2789 1721 2833 tam
1756 2770 1995 2833 artifices
2028 2772 2132 2830 sal-

383 2878 640 2945 tationi8‚
683 2889 747 2933 ut
785 2896 914 2934 mox
955 2898 1178 2934 scenam
1228 2878 1538 2948 tenuerint,
1580 2898 1693 2934 non
1734 2875 1904 2933 modo
1946 2874 2132 2932 fovere

384 2977 655 3058 prolixius
675 3022 691 3051 ,
724 2977 819 3034 sed
851 2973 1099 3057 spectare
1134 2979 1367 3036 omnino
1405 2980 1461 3035 in
1500 2977 1725 3057 publico
1763 2989 1909 3034 coetu
1940 2996 2131 3054 super-

391 3078 550 3136 sedit.
582 3077 739 3137 Nulli
775 3081 982 3136 civium
1011 3079 1316 3158 quidquam
1345 3080 1553 3137 ademit
1584 3102 1596 3136 :
1628 3079 1898 3136 abstinuit
1925 3075 2132 3146 alieno,

387 3192 447 3236 ut
479 3181 525 3236 si
556 3181 680 3258 quis
718 3203 963 3259 unquam
999 3204 1011 3238 :
1053 3203 1115 3239 ac
1147 3203 1215 3237 ne
1253 3202 1536 3239 concessas
1571 3180 1795 3259 quidem
1841 3200 1904 3235 ac
1939 3176 2128 3234 solitas

393 3279 715 3338 collationes
752 3283 977 3360 recepit.
1003 3285 1074 3338 Et
1100 3294 1283 3338 tamen
1316 3283 1536 3338 nemine
1563 3294 1691 3337 ante
1720 3301 1776 3335 se
1806 3277 2136 3334 munificen-
