2372 3918
349 270 408 315 32
1016 268 1065 313 C.
1105 269 1349 315 SUETON
1354 270 1396 314 11

348 373 636 431 cerdotum
671 372 981 451 frequentia
1016 374 1236 431 inferias
1264 375 1475 434 Neroni
1510 372 1661 430 dedit
1694 396 1706 430 :
1739 395 1802 430 ac
1827 373 2078 432 sollemni

349 475 606 532 convivio
630 472 994 531 citharoedum
1015 473 1322 552 placentem
1351 473 1533 552 palam
1563 471 1879 548 admonuit,
1900 488 1963 532 ut
1986 474 2085 532 ali-

349 575 485 653 quid
517 587 571 632 et
623 575 692 632 de
726 577 1024 633 Dominico
1061 575 1290 649 diceret3
1338 576 1734 652 inchoantique
1759 577 2078 633 Neroniana
2153 582 2158 585 ’

350 677 592 749 cantica,
622 677 834 755 primus
867 674 1144 733 exsultans
1178 676 1342 733 etiam
1375 675 1596 754 plausit.

431 780 562 836 XII.
592 775 817 834 Talibus
843 777 1128 854 principiis
1147 819 1161 850 ,
1180 799 1437 856 magnam
1468 780 1683 856 imperii
1718 792 1933 861 partem
1967 803 2082 838 non

350 882 455 938 nisi
500 878 731 938 consilio
774 891 830 935 et
876 878 1106 935 arbitrio
1148 878 1392 936 vilissimi
1438 880 1705 957 cujusque
1745 882 2082 939 histrionum

350 995 403 1039 et
437 982 755 1060 aurigarum
792 978 1230 1052 administravit,
1266 992 1320 1036 et
1351 981 1587 1037 maxime
1618 982 1844 1038 Asiatici
1879 982 2083 1041 liberti.

280 1113 284 1115 -
350 1085 514 1138 Hunc
559 1079 1060 1151 adolescentulum,
1113 1092 1308 1136 mutua
1357 1080 1586 1137 libidine
1633 1089 2087 1161 constupratum,

351 1203 479 1242 mox
505 1182 668 1239 taedio
694 1181 994 1259 profugum
1011 1224 1025 1252 ,
1051 1201 1225 1258 quum
1246 1180 1492 1238 Puteolis
1515 1203 1738 1259 poscam
1757 1183 2086 1253 vendentem

352 1281 818 1359 reprehendisset,
853 1283 1089 1357 conjecit
1123 1282 1181 1336 in
1212 1281 1531 1358 compedeS,
1568 1283 1865 1359 statimque
1891 1284 2089 1355 solvit,

352 1395 407 1438 et
438 1403 627 1438 rursus
659 1383 716 1436 in
749 1379 955 1437 deliciis
985 1381 1181 1436 habuit
1213 1403 1225 1436 :
1255 1382 1454 1437 iterum
1491 1381 1718 1451 deinde,
1753 1383 1824 1438 ob
1858 1384 2089 1440 nimiam

354 1483 760 1539 contumaciam
811 1495 867 1538 et
918 1481 1263 1538 ferocitatem
1310 1495 1596 1560 gravatuS,
1652 1483 2090 1541 circumforaneo

355 1583 564 1640 lanistae
598 1582 846 1640 vendidit
867 1628 882 1652 ‚
915 1581 1261 1660 dilatumque
1290 1582 1360 1638 ad
1401 1583 1566 1639 finem
1597 1585 1839 1641 muneris
1866 1597 2095 1663 repente

357 1685 658 1762 surripuit,
696 1697 752 1740 et
783 1680 1070 1761 provincia
1100 1683 1324 1739 demum
1363 1686 1606 1761 accepta
1637 1686 1957 1742 manumisit
1987 1706 2000 1741 :
2030 1707 2094 1742 ac

356 1786 535 1863 primo
565 1786 783 1863 imperii
812 1784 902 1841 die
934 1786 1113 1841 aureis
1149 1784 1378 1841 donavit
1407 1784 1628 1842 annulis
1652 1807 1818 1863 super
1841 1808 2054 1843 coenam
2076 1832 2092 1859 ,

357 1906 529 1962 quum
560 1906 723 1942 mane
747 1929 762 1956 ,
798 1885 1123 1962 rogantibus
1163 1906 1266 1963 pro
1306 1906 1372 1941 eo
1407 1887 1650 1958 cunctiS,
1679 1886 1977 1943 detestatus
2003 1908 2090 1943 es-

356 1999 438 2042 set
466 1986 804 2042 severissime
830 1983 993 2040 talem
1022 1985 1290 2062 equestris
1318 1985 1527 2041 ordinis
1556 1985 1848 2043 maculam.

437 2089 590 2142 XIII.
626 2086 733 2142 Sed
770 2084 858 2141 vel
889 2086 1166 2163 praecipue
1202 2084 1433 2141 luxuriae
1465 2087 1792 2163 saevitiaeque
1830 2087 2049 2144 deditus
2075 2131 2090 2161 ,

358 2186 546 2265 epulas
580 2186 852 2244 trifariam
887 2206 1122 2263 semper,
1152 2185 1433 2242 interdum
1459 2186 1857 2264 quadrifariam
1883 2187 2106 2267 disper--

331 2339 333 2341 .
359 2289 557 2358 tiebat,
586 2289 644 2343 in
668 2286 975 2364 jentacula,
1006 2299 1061 2343 et
1111 2287 1373 2365 prandia,
1414 2299 1469 2343 et
1495 2309 1714 2367 coenasx,
1745 2290 2093 2345 comissatio-

360 2409 600 2466 nesque3
633 2386 792 2444 facile
823 2387 1081 2444 omnibus
1114 2387 1420 2460 sufficienS,
1458 2389 1762 2444 vomitandi
1790 2403 2090 2446 consuetu-

361 2489 505 2545 dine.
543 2488 828 2545 Indicebat
859 2502 1043 2545 autem
1084 2488 1237 2545 aliud
1284 2487 1378 2545 alii
1414 2488 1604 2546 eadem
1654 2489 1743 2545 die
1777 2512 1789 2545 :
1825 2482 1941 2547 nec=
1969 2491 2091 2546 cui-

361 2612 526 2668 quam
578 2594 761 2646 minus
817 2589 1020 2668 singuli
1060 2602 1361 2668 apparatus
1408 2591 1800 2670 quadringenis
1856 2590 2096 2648 millibus

365 2713 656 2747 nummum
701 2692 1084 2748 constiterunt.
1126 2693 1509 2749 Famosissima
1546 2713 1710 2770 super
1739 2675 1948 2749 ceteras
1991 2692 2098 2749 fuit

363 2813 518 2848 coena
548 2792 675 2848 data
701 2793 751 2848 ei
792 2792 1100 2849 adventicia
1131 2814 1164 2850 a
1192 2793 1388 2866 fratre,
1427 2794 1485 2850 in
1512 2815 1621 2871 qua
1654 2793 1765 2850 duo
1813 2793 1984 2850 millia
2017 2792 2096 2849 le-

366 2875 737 2949 ctissimorum
758 2895 1014 2971 piscium,
1036 2906 1246 2972 septem
1268 2895 1474 2966 avium,
1502 2895 1753 2973 apposita
1775 2895 2099 2954 traduntur.

365 2996 525 3050 Hanc
546 3015 766 3071 quoque
791 2995 1143 3074 exsuperavit
1166 2995 1282 3072 ipse
1307 2995 1653 3052 dedicatione
1679 2997 1909 3075 patinae,
1928 3016 2095 3072 quam

366 3094 436 3149 ob
470 3095 792 3151 immensam
825 3095 1259 3174 magnitudinem
1287 3097 1538 3176 clypeam
1564 3101 1835 3155 Minervoe
1867 3093 2098 3153 Πολιού-

366 3217 462 3267 χου
487 3195 787 3253 dictitabat.
827 3201 892 3253 ln
934 3198 1044 3260 hac,
1070 3218 1354 3254 scarorum
1392 3199 1666 3276 jecinora,
1698 3199 2093 3277 phasianorum

364 3308 417 3351 et
449 3318 726 3374 pavonum
750 3297 1054 3372 cerebella,
1096 3297 1310 3376 linguas
1351 3300 1852 3378 phoenicopterum,
1890 3319 2091 3354 murae-
