2372 3918
440 298 464 342 3
473 298 531 342 26
1197 295 1388 340 NOTAE

433 395 581 451 mell.,
612 409 732 450 viu,
761 399 786 447 4
813 408 823 436 :
849 411 873 434 ιι
890 393 948 438 Et
972 399 1078 437 ante
1102 392 1427 451 crepusculum
1450 401 1650 452 propter
1672 392 1766 438 cibi
1790 408 1920 453 spem
1951 401 2140 453 tempo-

434 469 531 514 rIus
553 469 614 514 ad
638 466 873 514 officinam
898 469 1162 514 redeunt.»
1186 466 1254 512 Cf.
1282 468 1429 513 Ovm.
1442 501 1455 524 ,
1481 469 1677 514 Metam.
1691 502 1706 523 ,
1746 484 1949 530 1v‚197.

408 607 418 612 ⁴.
502 546 607 590 Cn.
635 547 718 591 IV.
758 546 946 590 Santra.
978 544 1072 601 Qui
1087 544 1285 630 scripsit
1308 544 1367 589 de
1397 544 1502 589 vitis
1531 545 1847 604 praestantium
1887 546 2096 591 virorum
2130 564 2140 591 ε

433 621 574 680 hujus
611 621 822 666 meminit
853 622 1044 667 Hieron.
1086 619 1134 665 in
1156 620 1286 680 praef.
1320 619 1400 665 lib.
1425 622 1485 664 de
1522 621 1735 680 Scrc‘ptor.
1774 622 2044 666 Ecclesiast.
2073 622 2140 667 Cf.

434 700 595 755 Voss.,
619 700 678 743 de
701 696 818 743 Hist.
844 700 959 751 lat„
987 712 1075 754 111,
1103 712 1287 757 p-719.

502 776 698 820 Homine
725 775 875 820 docto.
901 773 1022 830 Cic„
1056 774 1116 817 de
1141 772 1262 818 clar.
1297 772 1450 828 Orat„
1477 786 1542 818 xx
1566 786 1578 816 t
1603 791 1626 813 ιι
1652 773 1702 819 C.
1728 773 1963 834 Sulpicius
1984 776 2146 820 Gallus

434 850 634 897 maxime
664 850 874 896 omnium
899 848 1130 894 nobilium
1169 847 1328 910 graecis
1360 847 1525 895 litteris
1550 849 1751 907 studuit,
1785 849 1919 911 isque
1958 859 2004 895 et
2035 867 2147 896 ora-

435 937 594 973 torum
615 941 813 972 numero
841 933 910 971 est
945 924 1157 980 habitus,
1182 931 1228 968 et
1262 923 1353 968 fuit
1377 923 1571 985 reliquis
1607 924 1748 970 rebus
1781 933 1977 983 ornatus
2006 934 2147 985 atque

438 1005 637 1066 elegans.
666 1005 769 1048 Jam
803 1001 927 1048 enim
943 1009 1043 1047 erat
1073 999 1256 1046 auctior
1279 1000 1494 1061 quaedam
1520 1000 1908 1062 splendidiorque
1944 1017 2147 1047 consueae

436 1078 555 1126 tudo
587 1076 831 1141 loquendi.
853 1096 876 1119 ιι
1439 1093 1444 1095 >

512 1157 568 1214 Q.
593 1156 738 1200 Fabio
764 1154 995 1199 Labeone.
1019 1155 1092 1200 De
1113 1154 1207 1200 hoc
1238 1154 1330 1201 Cic.
1349 1189 1363 1212 ,
1392 1155 1470 1199 ub.
1496 1169 1596 1214 sup.
1616 1189 1629 1211 ‚
1653 1170 1736 1199 xxx
1771 1171 1780 1197 :
1808 1175 1826 1193 «
1847 1155 1905 1199 Et
1928 1169 2023 1205 una
2050 1155 2146 1199 Ser.

436 1231 607 1277 Fabius
631 1231 805 1287 Pictor,
829 1238 875 1276 et
894 1229 1014 1290 juris
1035 1238 1082 1277 et
1103 1230 1361 1276 litterarum
1385 1237 1432 1275 et
1454 1229 1746 1290 antiquitatis
1775 1229 1895 1275 bene
1923 1229 2104 1289 peritus
2136 1245 2146 1271 ε

447 1308 732 1368 Qumtusque
765 1307 936 1352 Fabius
959 1307 1116 1352 Labeo
1133 1305 1224 1353 ruit
1245 1313 1439 1352 ornatus
1461 1305 1626 1352 iisdem
1649 1305 1745 1351 fere
1768 1304 2047 1350 laudibus.»

502 1385 571 1428 M.
606 1383 828 1444 Popillio.
854 1383 924 1429 Cf.
949 1383 1080 1442 Cim,
1104 1384 1187 1429 ub.
1218 1398 1323 1444 sup.
1337 1417 1350 1440 ,
1372 1398 1471 1428 x1v

506 1461 612 1506 Cn».
639 1463 696 1506 V.
723 1460 966 1519 Afranius.
993 1462 1307 1522 Togatarum
1302 1469 1348 1507 et
1370 1461 1692 1506 Atellanarum
1714 1458 1928 1519 scriptor.
1958 1418 2116 1534 Vide
2102 1473 2151 1504 m

439 1539 642 1593 Neron,
671 1553 740 1583 xx.

504 1614 775 1660 Dzmidiate.
809 1614 933 1672 Quia
964 1614 1167 1661 mediam
1203 1623 1384 1662 tantum
1410 1623 1591 1676 partem
1622 1610 1871 1659 Menandri
1892 1626 2001 1680 suis
2034 1611 2153 1656 scri-

439 1691 531 1750 ptis
555 1698 882 1750 repraesentat3
911 1705 1080 1751 nempe
1104 1690 1342 1738 lenitatem
1367 1700 1414 1737 et
1435 1690 1715 1754 elegantiam
1733 1725 1746 1748 ‚
1767 1703 1860 1733 non
1877 1677 1976 1732 *vim
2001 1687 2149 1732 comi-

441 1782 541 1812 cam
566 1782 660 1827 qua
686 1767 873 1828 penitus
902 1776 1049 1825 caret,
1082 1776 1204 1823 sanct.
1234 1770 1302 1813 Cl.
1332 1769 1475 1837 ῌαεε.

1218 1925 1367 1937 ‘-

1071 2065 1312 2102 HORATII
1352 2065 1482 2102 VITA
1493 2089 1503 2100 .

508 2185 572 2227 Ut
589 2184 690 2242 ipse
707 2185 861 2228 tradit.
876 2210 937 2218 —-
951 2185 1045 2229 Sat.
1060 2216 1075 2237 ,
1086 2196 1123 2228 '⁷1
1137 2219 1150 2241 ‚
1175 2183 1203 2228 6
1220 2218 1234 2241 ,
1259 2182 1319 2237 45
1354 2202 1364 2228 ε

540 2328 542 2330 ’
615 2320 731 2359 Nune
756 2318 806 2358 ad
832 2332 892 2358 me
916 2318 1034 2380 redeo
1057 2318 1245 2359 libertino
1269 2325 1381 2373 patre
1397 2327 1560 2369 natum,

618 2389 745 2438 Quem
769 2387 915 2427 rodunt
939 2401 1073 2427 omnes
1099 2387 1284 2428 libertino
1308 2395 1420 2442 patre
1445 2396 1595 2428 natum.

512 2528 859 2586 Emungentem.
892 2551 957 2560 —-·
985 2525 1154 2580 ‚Cubito
1189 2541 1434 2587 emungere
1470 2541 1518 2571 se
1560 2526 1890 2571 salsamentarii
1928 2530 2154 2575 solebant.

444 2607 626 2648 Auctor
638 2602 767 2646 Rkee.
793 2603 861 2645 ad
881 2604 1074 2647 Herenn.
1089 2637 1103 2657 ,
1135 2618 1201 2658 Π,
1227 2601 1286 2656 54
1314 2619 1358 2646 z«
1370 2603 1433 2648 Ut
1459 2602 1497 2648 si
1518 2602 1850 2648 salsamentarii
1871 2603 1970 2649 filio
1994 2603 2119 2652 dicas
2145 2625 2155 2651 :

445 2678 647 2735 Quiesce
681 2686 760 2734 tu,
785 2677 920 2736 cujus
952 2687 1087 2738 pater
1117 2677 1279 2723 cubito
1302 2694 1348 2723 se
1378 2694 1628 2739 emungere
1651 2679 1883 2724 solebat.»
1915 2682 1986 2725 Ita
2017 2683 2155 2743 Diog.

444 2756 599 2798 Laert·
622 2752 672 2796 in
700 2753 829 2798 Bion·
846 2787 859 2807 2
881 2770 958 2810 ¹V2
980 2757 1002 2809 S
1023 2755 1081 2808 46
1108 2770 1118 2797 ἕ
1144 2753 1288 2818 Euam
1311 2762 1447 2818 πατὴρ
1466 2762 1535 2819 μὲν
1560 2760 1606 2809 ἧν
1633 2762 1904 2818 ἀπελεύθερος,
1928 2769 1984 2819 τῷ
2009 2764 2158 2820 ἀγκῶνι

446 2838 803 2894 ἀπομυσσόμενος
843 2833 1033 2883 διεδήλου
1063 2834 1112 2880 δὲ
1147 2840 1213 2880 τὸν
1239 2839 1549 2896 ταριχέμπορον.
1581 2830 1652 2876 Cf·
1686 2833 1978 2889 PLUTARCE„
2012 2834 2156 2893 Sym-

437 2923 545 2967 pos.
566 2941 578 2961 ‚
606 2923 676 2963 n,
719 2923 756 2951 1.

514 2973 700 3017 Meruct
725 2974 790 3019 Ut
814 2972 963 3017 dicit·
951 2965 1076 3034 ipse,
1106 2975 1224 3028 od„
1252 2990 1291 3019 11
1307 3008 1320 3031 ,
1347 2990 1391 3032 7,
1421 2991 1486 3036 9:

739 3101 887 3138 Tecum
912 3098 1132 3153 Philippos,
1158 3108 1196 3140 et
1219 3101 1385 3140 celerem
1412 3100 1540 3153 fugam

743 3167 878 3217 Sensi,
903 3168 1038 3210 relicta
1061 3183 1142 3209 non
1163 3169 1265 3209 bene
1290 3170 1480 3213 parmula.

454 3285 522 3330 Cf.
549 3288 700 3346 Epist.
722 3320 733 3339 ,
764 3303 833 3344 n,
864 3303 889 3331 α
909 3322 920 3343 ,
947 3303 1022 3347 29.
