2372 3918
973 238 1189 285 mmus
1222 239 1446 286 cAEsAn.
1827 244 1832 249 ·
1984 256 2016 302 9

309 346 520 422 privato
555 344 877 421 parabatur,
903 361 985 396 an
1023 362 1137 418 quo
1179 341 1447 398 maturius
1483 342 1640 396 sociis
1680 343 2015 421 imploranti.

308 446 409 501 bus
429 444 766 501 ''subvenireh
804 443 1111 517 Pacataque
1138 441 1452 518 provincia,
1484 441 1605 517 pari
1639 441 2011 519 festinatione,

308 566 419 601 non
446 555 751 621 exspectato
781 561 1087 598 successore
1109 583 1125 613 ,
1159 540 1228 596 ad
1262 539 1604 617 triumphum
1633 541 1793 596 simul
1822 563 2013 600 consu-

307 644 584 720 latumque
606 643 847 699 decessit.
875 640 980 698 Sed
1010 661 1206 717 quum,
1235 639 1425 696 edictis
1450 640 1561 718 jam
1589 641 1848 711 comitiis,
1873 644 2012 699 ratio

306 745 421 821 ejus
450 744 638 800 haberi
666 764 776 799 non
809 752 1016 819 posset,
1054 741 1159 796 nisi
1192 741 1439 818 privatus
1474 739 1751 795 introisset
1787 740 1975 796 urbem
1995 785 2010 811 ,

306 855 359 900 et
387 843 643 900 ambienti
675 854 737 898 ut
764 840 972 918 legibus
1001 839 1327 908 solveretur,
1357 837 1519 894 multi
1549 838 2011 912 contradicerent,

305 955 520 999 coactus
572 953 652 999 est
705 940 1079 1018 triumphum,
1131 959 1199 994 ne
1255 936 1544 994 consulatu
1599 937 1977 996 excluderetur
1995 984 2011 1013 ,

307 1042 591 1099 dimittere.

384 1143 534 1199 XIX.
580 1144 626 1198 E
647 1140 859 1197 duobus
883 1137 1258 1220 [consulatus]
1285 1140 1762 1216 competitoribus,
1784 1142 1847 1196 L.
1872 1143 2013 1197 Luc..

306 1242 445 1314 cei0,
468 1244 765 1317 Marcoque
787 1239 1007 1312 Bibulo,
1029 1240 1328 1295 Lucceium
1354 1239 1456 1295 sibi
1481 1239 1733 1317 adjunxit
1755 1262 1768 1296 ε
1794 1252 2010 1318 pactus,

309 1354 366 1398 ut
400 1343 473 1413 is,
503 1342 763 1418 quoniam
797 1340 1022 1396 inferior
1059 1340 1234 1417 gratia
1267 1351 1436 1413 esset,
1472 1341 1813 1417 pecuniaque
1843 1341 2012 1419 polle-

308 1454 419 1512 ret,
454 1462 706 1498 nummos
745 1441 812 1496 de
851 1461 982 1512 suo,
1020 1440 1300 1496 communi
1331 1441 1583 1513 nomine,
1613 1461 1712 1518 per
1741 1443 2013 1498 centurias

310 1542 703 1616 pronuntiaret.
742 1541 870 1611 Qua
907 1541 1126 1616 cognita
1168 1560 1260 1611 re,
1302 1540 1622 1616 optimates,
1665 1561 1800 1616 quos
1833 1553 2012 1597 metus

308 1652 554 1716 ceperat,
581 1638 716 1696 nihil
746 1659 858 1694 non
889 1659 1150 1694 ausurum
1181 1659 1307 1694 eum
1337 1639 1393 1696 in
1423 1659 1638 1694 summo
1664 1640 2012 1715 magistratu,

309 1739 562 1796 concordi
604 1752 659 1795 et
697 1740 1070 1796 consentiente
1109 1737 1317 1817 collega
1336 1782 1352 1809 ‚
1382 1750 1633 1796 auctores
1667 1737 1864 1795 Bibulo
1900 1739 2014 1795 fue·

310 1852 439 1895 runt
463 1838 785 1896 tantundem
810 1838 1108 1916 pollicendi
1132 1860 1145 1895 z
1173 1860 1237 1896 ac
1264 1838 1510 1916 plerique
1538 1839 1795 1915 pecunias
1823 1851 2014 1895 contu-

306 1937 518 2011 lerunt,
548 1959 616 1998 ne
646 1941 854 1997 Catone
885 1939 1107 2016 quidem
1143 1939 1419 1995 abnuente
1453 1959 1573 1994 eam
1606 1937 1952 2016 largitionem
1984 1959 2014 1993 e

306 2038 584 2115 republica
619 2039 753 2095 fieri.
791 2039 969 2116 Igitur
996 2060 1123 2095 cum
1152 2038 1347 2095 Bibulo
1380 2036 1570 2094 consul
1606 2050 1837 2095 creatur.
1869 2040 2013 2094 Ean-

307 2138 430 2195 dem
455 2140 525 2195 ob
549 2160 765 2196 causam
792 2160 958 2216 opera
977 2140 1333 2216 optimatibus
1357 2138 1483 2194 data
1503 2150 1609 2210 est,
1632 2149 1695 2194 ut
1721 2138 2015 2215 provinciae

307 2237 503 2294 futuris
538 2238 852 2295 consulibus
887 2239 1098 2295 minimi
1135 2240 1369 2316 negotii,
1408 2238 1464 2293 id
1496 2249 1606 2310 est,
1643 2236 1790 2294 silvae
1829 2235 2015 2294 calles-

306 2359 411 2414 que
439 2338 878 2395 decernerentur.
908 2340 1037 2412 Qua
1064 2339 1296 2394 maxime
1326 2338 1527 2414 injuria
1555 2338 1875 2409 instinctuS,
1901 2357 2016 2393 om-

307 2439 465 2494 nibus
508 2429 714 2494 officiis
741 2440 845 2495 Cn.
886 2439 1212 2515 Pompeium
1253 2449 1547 2494 assectatus
1589 2449 1703 2508 est,
1743 2436 2014 2493 offensum

308 2538 577 2614 patribus,
604 2537 778 2615 quod,
801 2537 1127 2594 Mithridate
1153 2558 1284 2615 rege
1313 2537 1482 2609 victo,
1513 2537 1863 2592 cunctantius
1888 2556 2016 2592 con-

309 2635 654 2694 firmarentur
689 2648 810 2694 acta
846 2658 943 2694 sua
972 2658 984 2692 ε
1015 2636 1386 2714 Pompeioque
1422 2639 1501 2692 M.
1537 2638 1795 2694 Crassum
1828 2656 2017 2693 recon-

308 2734 542 2807 ciliavit,
575 2748 814 2792 veterem
847 2738 1133 2795 inimicum
1161 2758 1226 2793 ex
1256 2735 1543 2793 consulatu
1563 2778 1578 2807 ,
1610 2756 1773 2813 quem
1803 2756 2017 2792 summa

308 2834 578 2891 discordia
612 2832 774 2890 simul
812 2848 1090 2913 gesserant
1124 2857 1136 2890 ε
1174 2857 1237 2892 ac
1273 2838 1588 2892 societatem
1619 2855 1746 2892 cum
1783 2846 2017 2910 utroque

308 2935 459 3005 iniit,
495 2955 562 2991 ne
590 2933 725 3011 quid
756 2946 1009 3012 ageretur
1039 2935 1096 2990 in
1129 2933 1435 3011 republica,
1470 2933 1620 3011 quod
1654 2932 2018 3010 displicuisset

309 3034 403 3091 ulli
429 3056 459 3090 e
486 3035 680 3091 tribus.

385 3139 509 3193 XX.
553 3138 699 3194 Inito
733 3138 940 3195 honore
971 3139 1181 3216 primus
1217 3136 1463 3196 omnium
1500 3137 1768 3209 instituit,
1806 3145 1867 3192 ut
1904 3148 2019 3191 tam

313 3249 526 3298 senatus
553 3259 717 3315 quam
745 3238 935 3317 populi
963 3240 1157 3298 diurna
1188 3252 1307 3296 acta
1347 3235 1744 3292 conficerentur
1763 3247 1816 3292 et
1839 3235 2010 3312 publi-
