2372 3918
346 261 364 290 1
376 252 434 301 24
994 255 1043 299 C.
1080 253 1371 300 SUETONII

342 352 515 424 renti,
552 354 766 411 veniam
811 355 975 412 dedit.
1016 358 1169 429 Quin
1207 371 1260 414 et
1292 356 1621 436 pertinacius
1657 352 2011 411 retinentibus
2035 395 2050 423 ,

342 451 464 506 cibo
491 473 604 530 rper
640 456 996 531 quatriduum
1034 458 1313 514 abstinuit.
1358 461 1521 514 Facta
1564 454 1783 512 tandem
1817 452 2053 510 abeundi

341 563 629 627 potestate,
653 554 852 612 relictis
873 560 1058 614 Romae
1084 578 1256 615 uxore
1283 569 1337 613 et
1364 555 1504 630 filio,
1539 555 1818 614 confestim
1841 554 2054 611 Ostiam

342 649 649 726 descendit3
704 676 772 710 ne
819 657 986 712 verbo
1035 657 1258 733 quidem
1305 659 1563 734 cuiquam
1607 654 2054 731 prosequentium

339 751 582 825 reddito,
615 774 927 831 paucosque
955 755 1250 823 admodum
1276 757 1334 812 in
1365 756 1609 834 digressu
1639 752 1998 812 exosculatus.

416 854 516 907 XI.
561 853 644 910 Ab
691 856 846 913 Ostia
879 875 1033 911 oram
1072 857 1385 934 Campaniae
1428 855 1645 935 legens,
1688 853 2058 912 imbecillitate

337 953 573 1029 Augusti
604 955 895 1028 nunciata,
929 954 1156 1033 paulum
1192 956 1448 1013 substitit.
1487 956 1595 1013 Sed
1628 956 2058 1012 increbrescente

338 1074 558 1110 rumore
577 1096 592 1126 ,
625 1056 779 1130 quasi
809 1056 878 1112 ad
912 1057 1259 1115 occasionem·
1290 1057 1513 1133 majoris
1545 1058 1660 1134 spei
1680 1076 2059 1113 -commorare-

339 1165 454 1225 tur,
485 1166 700 1212 tantum
731 1177 843 1212 non
874 1157 1113 1214 adversis
1142 1157 1555 1235 tempestatibus
1590 1155 1851 1214 Rhodum
1878 1155 2060 1211 enavi-

339 1255 512 1332 gavit,
544 1257 856 1313 amoenitate
890 1269 943 1313 et
973 1257 1291 1314 salubritate
1318 1256 1508 1314 insulae
1534 1257 1650 1333 jam
1681 1256 1808 1312 inde
1835 1268 2059 1332 captuS,

338 1374 506 1429 quum
532 1355 601 1410 ad
617 1377 737 1411 eam
760 1357 829 1412 ab
844 1359 1104 1414 Armenia
1122 1357 1340 1413 rediens
1360 1356 1677 1434 appulisset.
1699 1357 1806 1411 Hic
1829 1355 2057 1410 modicis

340 1465 630 1510 contentus
660 1455 864 1512 aedibus
882 1499 898 1528 ,
927 1477 1028 1513 nec
1060 1456 1235 1513 multo
1270 1456 1476 1513 laxiore
1507 1440 1857 1528 suburbano,
1889 1475 2059 1532 genus

341 1554 464 1609 vitae
509 1555 665 1612 civile
710 1556 1009 1613 admodum
1051 1559 1322 1629 instituit,
1356 1558 1470 1613 sine
1504 1555 1695 1613 lictore
1726 1568 1823 1612 aut
1855 1556 2063 1611 viatore

339 1657 620 1731 gymnasia
655 1657 931 1713 interdum
969 1657 1363 1730 obambulanS,
1404 1669 1707 1733 mutuaque
1750 1677 1876 1712 cum
1909 1657 2063 1711 Grae-

340 1755 477 1812 culis
507 1756 688 1813 officia
721 1779 995 1835 usurpans
1014 1801 1029 1829 ,
1061 1779 1235 1835 prope
1274 1779 1340 1814 ex
1380 1778 1551 1834 aequo.
1591 1760 1757 1813 Forte
1786 1754 2063 1833 quondam

340 1858 397 1913 in
431 1857 770 1934 disponendo
802 1859 890 1914 die
922 1880 1082 1916 mane
1110 1858 1467 1937 praedixerat,
1500 1857 1764 1936 quicquid
1793 1878 2065 1935 aegrorum

274 1966 276 1974 '
339 1961 397 2014 in
432 1959 649 2015 civitate
684 1972 852 2034 esset,
886 1962 1108 2018 visitare
1147 1982 1204 2018 se
1242 1960 1381 2017 velle
1415 1982 1428 2016 ε
1464 1961 1521 2016 id
1555 1981 1587 2017 a
1615 1961 1878 2038 proximis
1910 1958 2066 2014 aliter

340 2071 626 2136 exceptum
652 2081 665 2115 ε
692 2061 940 2138 jussique
968 2075 1097 2119 sunt
1131 2084 1321 2119 omnes
1350 2062 1480 2139 aegri
1511 2061 1567 2117 in
1597 2059 1871 2138 publicam
1896 2060 2067 2137 porti-

339 2180 465 2215 cum
504 2159 732 2233 deferri,
776 2183 840 2218 ac
871 2184 969 2239 per
1005 2162 1382 2220 valetudinum
1419 2183 1620 2240 genera
1655 2160 1888 2238 disponi.
1934 2163 2064 2217 Per-

339 2261 521 2319 culsus
562 2263 731 2340 igitur
777 2265 1061 2340 inopinata
1103 2286 1189 2336 re,
1236 2264 1331 2320 diu
1380 2262 1516 2339 quid
1560 2274 1746 2340 ageret
1793 2263 2064 2333 incertuS,

338 2375 522 2418 tamen
539 2362 784 2441 singulos
803 2365 1025 2435 circuit3
1047 2386 1311 2422 excusans
1335 2364 1542 2420 factum
1566 2363 1731 2418 etiam
1747 2362 2065 2417 tenuissimo

339 2466 566 2540 cuique,
595 2477 649 2520 et
681 2466 888 2542 ignoto.
917 2469 1105 2523 Unum
1133 2467 1240 2521 hoc
1266 2463 1684 2535 tantummodO,
1715 2483 1894 2539 neque
1931 2484 2067 2544 prae-

343 2574 492 2620 terea
525 2566 818 2640 quicquam
848 2577 1100 2621 notatum
1135 2577 1243 2638 est,
1284 2566 1342 2622 in
1376 2586 1488 2642 quo
1523 2566 1825 2621 exercuisse
1848 2565 1938 2642 jus
1968 2565 2065 2619 tri-

338 2665 582 2721 buniciae»
598 2666 881 2740 potestatis
904 2666 1053 2745 visus
1077 2666 1163 2721 sit.
1194 2668 1386 2739 Quum
1412 2667 1557 2722 circa
1588 2664 1799 2722 scholas
1828 2678 1883 2721 et
1909 2665 2064 2721 audi-

340 2765 484 2820 toria
513 2765 884 2842 professorum
922 2767 1173 2823 assiduus
1208 2780 1373 2838 esset,
1406 2779 1559 2824 moto
1591 2768 1732 2823 inter
1764 2767 2064 2844 antisophi-

340 2877 449 2921 stas
483 2867 735 2943 graviore
774 2867 990 2945 jurgio,
1027 2889 1141 2925 non
1182 2868 1378 2940 defuit,
1415 2869 1509 2946 qui
1543 2890 1666 2925 eum
1702 2869 2064 2925 intervenien-

323 2977 484 3039 2tem,
515 2966 571 3022 et
604 2968 759 3043 quasi
789 2968 1173 3026 studiosiorem
1207 2970 1380 3047 partis
1410 2968 1666 3043 alterius,
1700 2969 1946 3026 convicio
1979 2969 2063 3022 in·

337 3078 584 3122 cesseret.
617 3068 828 3124 Sensim
862 3069 1047 3145 itaque
1085 3073 1362 3146 regressus
1392 3069 1647 3141 domum,
1679 3079 1901 3147 repente
1935 3088 2057 3122 cum

330 3157 738 3244 ¹apparitoribus
760 3169 992 3246 prodiit,
1014 3170 1351 3246 citatumque
1373 3192 1474 3247 pro
1493 3169 1754 3226 tribunali
1778 3189 1907 3225 voce
1930 3189 2061 3245 prae-

341 3270 489 3322 conis
529 3270 948 3325 conviciatorem
990 3272 1106 3345 rapi
1144 3271 1303 3346 jussit
1346 3273 1402 3325 in
1445 3291 1732 3326 carcer-em.
1777 3269 2060 3345 Comperit
