2372 3918
938 297 942 302 ·
1003 282 1350 330 VITELLIUS.
1984 284 2042 331 3ι

306 388 395 448 fici
428 387 720 467 imperavit
750 409 762 445 :
803 387 1023 467 egregie
1068 407 1295 465 prorsus
1328 396 1496 463 atque
1538 387 1853 464 magnifice,
1892 402 1947 446 et
1978 401 2040 446 ut

306 490 505 548 summi
542 488 804 567 principis
829 508 984 566 spem
1026 486 1377 560 ostenderet,
1413 486 1520 543 nisi
1548 498 1734 544 cetera
1768 490 1943 567 magis
1975 511 2042 547 ex

305 603 528 663 natura,
573 601 629 647 et
657 590 842 668 priore
878 589 990 645 vita
1031 608 1165 659 sua,
1201 608 1371 665 quam
1403 607 1470 644 ex
1500 587 1722 665 imperii
1759 590 2036 667 majestate

303 691 570 769 gessisset.
605 691 857 767 Namque
886 688 1085 745 itinere
1114 689 1374 746 inchoato
1393 731 1408 760 ,
1437 708 1535 767 per
1557 687 1768 745 medias
1793 690 2044 747 civitates

303 792 411 847 ritu
453 790 915 868 triumphantium
961 802 1153 848 vectus
1183 801 1264 847 est
1294 811 1306 846 ε
1342 809 1551 870 perque
1580 788 1811 847 flumina
1845 789 2039 847 delica-

304 892 525 948 tissimis
563 890 828 969 navigiis,
878 902 933 947 et
969 891 1247 948 variarum
1296 910 1632 948 coronarum
1665 911 1866 969 genere
1898 892 2042 947 redi-

302 992 477 1063 mitis,
511 991 656 1047 inter
688 989 1099 1068 profusissimos
1124 992 1487 1069 opsoniorum
1520 1003 1857 1070 apparatus,
1893 991 2044 1049 nulla

301 1091 521 1150 familiae
562 1102 671 1148 ¹aut
714 1090 905 1148 militis
936 1091 1261 1170 disciplina,
1311 1093 1535 1170 rapinas
1578 1113 1643 1150 ac
1675 1091 2040 1172 petulantiam

296 1194 548 1250 omnium
583 1194 639 1249 in
669 1193 858 1271 jocum
895 1205 1142 1266 vertenS,
1169 1194 1268 1270 qui
1294 1214 1407 1249 non
1435 1195 1685 1251 contenti
1721 1193 1887 1274 epulo
1920 1195 2043 1252 ubi-

298 1315 407 1371 que
439 1293 661 1373 publice
693 1295 925 1372 praebito
947 1339 963 1366 ,
1000 1315 1364 1372 quoscunque
1393 1293 1674 1368 libuisset,
1707 1296 1763 1352 in
1815 1295 2041 1353 liberta-

239 1393 248 1398 ”
301 1406 412 1452 tem
442 1395 788 1468 asserebant,
830 1396 1063 1452 verbera
1091 1407 1148 1452 et
1182 1394 1399 1473 plagas,
1441 1416 1584 1474 saepe
1614 1395 1872 1471 vulnera,
1899 1419 2041 1454 non-

300 1516 589 1574 nunquam
623 1516 843 1567 necem,
894 1508 1347 1575 repraesentantes
1381 1496 1819 1556 adversantibus.
1857 1502 2044 1577 thue

299 1618 552 1676 campos,
605 1599 661 1654 in
710 1597 913 1675 quibus
945 1609 1256 1676 pugnatum
1313 1611 1422 1670 est,
1473 1598 1642 1674 adiit,
1677 1599 2041 1657 abhorrentes

299 1698 568 1774 quosdam
596 1697 930 1755 cadaverum
963 1699 1145 1754 tabem
1165 1742 1181 1770 ,
1207 1697 1517 1755 detestabili
1551 1721 1685 1757 voce
1711 1701 2043 1758 confirmare

296 1818 463 1856 ausus
494 1811 579 1854 est
615 1820 628 1854 ε
663 1822 692 1851 «
717 1799 946 1876 Optime
994 1797 1145 1855 olere
1190 1800 1434 1856 occisum
1464 1800 1713 1873 hostem,
1745 1813 1802 1857 et
1842 1801 2038 1857 melius

299 1900 494 1956 civem.
519 1923 547 1953 ιο
589 1900 707 1957 Nec
739 1920 805 1956 eo
848 1900 1025 1957 secius
1051 1898 1122 1957 ad
1152 1898 1462 1956 leniendam
1493 1901 1821 1979 gravitatem
1852 1902 2039 1958 odoris

298 1999 602 2079 plurimum
619 2001 760 2058 meri
781 2000 1072 2080 propalam
1098 2001 1308 2075 hausit,
1334 2003 1652 2080 passimque
1673 2001 1877 2059 divisit.
1910 2005 2038 2060 Pari

293 2103 537 2159 vanitate
583 2114 750 2180 atque
789 2100 1082 2160 insolentia
1133 2100 1402 2181 lapidem,
1453 2105 1753 2162 Memorioe
1798 2105 2042 2164 Othonis

292 2203 649 2282 inscriptum,
693 2205 946 2277 intuens,
986 2228 1014 2258 c<
1046 2203 1278 2282 dignum
1309 2225 1376 2262 eo
1410 2203 1695 2262 mausoleo
1717 2231 1743 2259 ³>
1775 2207 1850 2262 ait
1889 2227 1902 2262 ε
1933 2228 2039 2284 pu-

295 2305 657 2383 gionemque,
700 2326 811 2381 quo
846 2304 891 2361 is
929 2326 986 2362 se
1023 2305 1328 2377 occiderat,
1361 2306 1418 2362 in
1453 2308 1919 2385 Agrippinensem
1948 2328 2041 2364 co-

295 2403 505 2462 loniam
551 2406 735 2475 misit,
768 2406 938 2463 Marti
979 2405 1365 2463 dedicandum.
1403 2408 1468 2462 In
1499 2410 1779 2484 Apennini
1810 2408 2037 2486 quidem

290 2508 436 2587 jugis
467 2508 633 2566 etiam
667 2508 1017 2587 pervigilium
1049 2510 1177 2588 egit.

378 2611 477 2665 XI.
507 2608 720 2666 Urbem
757 2609 998 2687 denique
1028 2610 1097 2668 ad
1129 2604 1422 2668 classicum
1459 2611 1675 2668 introiit
1709 2610 2039 2691 paludatuS,

263 2705 266 2712 ¹
296 2710 558 2787 ferroque
589 2711 934 2783 succinctuS,
965 2712 1111 2768 inter
1140 2712 1297 2790 signa
1327 2724 1494 2790 atque
1522 2712 1753 2787 vexilla,
1778 2712 2040 2793 sagulatis

293 2811 614 2884 comitibuS,
634 2830 698 2867 ac
715 2810 942 2869 detectis
959 2810 1403 2870 commilitonum
1422 2815 1607 2872 armis.
1631 2816 1812 2894 Magis
1838 2815 2039 2872 deinde

293 2935 357 2971 ac
405 2914 580 2997 magis
631 2914 784 2971 omni
831 2914 1021 2971 divino
1058 2915 1414 2994 humanoque
1451 2917 1579 2994 jure
1619 2917 1905 2997 neglectO,
1935 2918 2036 2977 Al-

294 3015 453 3072 liensi
486 3015 575 3072 die
608 3015 991 3094 pontificatum
1034 3017 1335 3075 maximum
1366 3016 1513 3098 cepit
1544 3040 1557 3076 :
1594 3021 1818 3077 comitia
1855 3022 1911 3077 in
1941 3020 2036 3078 de-

293 3140 413 3176 cem
442 3138 620 3175 annos
639 3116 947 3190 ordinavit,
978 3138 1147 3197 seque
1175 3131 1507 3198 perpetuum
1534 3119 1834 3179 consulem.
1868 3125 1943 3180 Et
1970 3144 2040 3180 ne

292 3220 382 3278 cui
418 3218 652 3277 dubium
687 3219 857 3292 foret,
908 3218 1059 3297 quod
1093 3219 1372 3299 exemplar
1419 3221 1672 3300 regendae
1712 3222 2032 3302 reipublicae

291 3321 545 3400 eligeret,
574 3319 756 3378 medio
790 3321 1001 3378 Martio
1031 3342 1255 3400 camp0,
1285 3321 1533 3379 adhibita
1563 3322 1915 3401 publicorum
1945 3347 2031 3382 sa-
