2372 3918
211 248 1822 277 “Qummmwssummmmfflmm3vhmmfflmmo
1829 247 1912 263 st„

315 511 409 580 IN
452 510 530 579 C.
575 502 1104 577 SUETONIUM
1153 501 1807 586 TRANQUILLUM

845 730 1270 823 NOTAE.‘

717 1228 797 1284 IN
840 1230 902 1284 C.
946 1230 993 1283 J.
1039 1229 1412 1285 CAESAREM.

279 1376 451 1422 Carur.
477 1375 514 1419 1.
543 1372 716 1419 Coesar.
741 1372 874 1418 Libri
888 1373 964 1419 vel
987 1372 1210 1418 omittunt
1225 1374 1415 1420 Caesaris
1431 1388 1628 1432 nomen,
1642 1374 1717 1420 vel
1740 1374 1924 1422 diverse

208 1458 502 1511 praeponunt.
527 1450 683 1506 Quam
709 1449 772 1494 ob
798 1464 898 1494 rem
918 1450 1147 1495 nonnulla
1172 1449 1252 1494 hic
1275 1448 1436 1495 deesse
1463 1450 1764 1498 crediderunt
1796 1453 1923 1504 doct.

208 1527 325 1583 viri,
342 1541 462 1587 quos
484 1526 781 1572 vehementer
803 1540 961 1571 errare
975 1524 1239 1572 Casaubon.
1257 1524 1527 1573 arbitratur.
1552 1526 1736 1573 Diserte
1759 1540 1920 1576 monet

208 1604 276 1649 Cl.
303 1604 432 1648 Hase
453 1618 512 1648 ne
541 1611 713 1648 temere
733 1601 1031 1662 deperditum
1044 1601 1183 1660 hujus
1215 1600 1319 1647 vitae
1340 1601 1525 1647 initium
1553 1597 1922 1661 pronuntiemus.

276 1684 478 1725 Annum.
509 1680 564 1724 L.
591 1677 814 1724 Cornelio
837 1678 987 1724 Cinna
1010 1694 1077 1736 xv,
1104 1679 1189 1724 Cn.
1221 1676 1411 1740 Papirio
1442 1679 1662 1725 Carbone
1692 1697 1835 1739 coss.,
1868 1686 1923 1728 A.

208 1757 266 1802 U.
293 1756 404 1814 670.
429 1757 549 1802 Nam
573 1756 725 1802 Caesar
753 1763 892 1801 natus
922 1762 1022 1801 erat
1045 1755 1096 1802 C.
1128 1755 1283 1801 Mario
1307 1772 1361 1802 v¹
1387 1764 1435 1802 et
1456 1757 1508 1802 L.
1533 1757 1722 1803 Valerio
1753 1760 1921 1806 Flacco

210 1846 328 1878 coss.
359 1835 417 1876 A.
443 1832 502 1878 U.
531 1830 651 1888 654,
673 1830 831 1876 idibus
854 1829 1040 1891 quintil.

274 1908 444 1954 Dialis.
478 1907 670 1952 Flamen
696 1905 852 1951 Dialis
874 1906 1007 1955 Jovis
1038 1922 1168 1952 sacra
1199 1907 1393 1953 curabat
1426 1923 1437 1951 ι
1472 1926 1492 1948 «
1509 1908 1725 1954 Maximae
1758 1909 1927 1972 digna-

212 1983 353 2030 tionis
379 1982 551 2029 flamen
573 1983 720 2029 Dialis
743 1991 812 2028 est
833 1982 958 2029 inter
972 1981 1271 2029 xvflamines.
1294 2004 1314 2025 υ
1330 1985 1523 2030 Fns'rus.
1543 1987 1700 2044 Quum
1723 2002 1751 2032 a
1773 1990 1929 2033 Numa

207 2071 302 2106 tres
322 2060 559 2122 principio
584 2068 767 2105 tantum
788 2059 991 2105 instituti
1017 2060 1238 2119 fuissent,
1266 2062 1446 2118 Dialis,
1465 2062 1716 2108 Martialis
1738 2073 1785 2109 et
1817 2066 1926 2123 Qui-

210 2138 375 2183 rinalis
390 2171 405 2193 ,
432 2145 596 2196 postea
617 2151 690 2180 xn
717 2134 793 2180 alii
817 2135 970 2181 additi
992 2146 1102 2182 sunt
1126 2146 1172 2182 et
1198 2137 1258 2182 ad
1280 2154 1529 2183 numerum
1553 2153 1614 2183 xv
1647 2140 1785 2185 aucti.
1807 2141 1928 2186 Vide

209 2217 387 2260 Prusa.
405 2247 419 2270 ,
447 2213 603 2274 Antiq.
633 2227 744 2257 mm.
761 2244 778 2267 ,
813 2211 864 2257 in
886 2214 1099 2259 Flamen.

280 2290 566 2336 Destinatus.
602 2290 660 2335 H.
697 2304 736 2334 e.
773 2288 1043 2350 designatus
1075 2292 1148 2336 vel
1191 2300 1401 2347 creatus,
1436 2301 1488 2336 ut
1525 2294 1670 2352 Vell.,
1714 2309 1787 2352 11,
1822 2293 1882 2349 43
1917 2311 1927 2339 ι

215 2382 383 2429 apaene
406 2382 524 2428 puer
546 2381 572 2411 a
597 2365 753 2410 Mario
781 2364 1025 2427 Cinnaque
1057 2364 1229 2412 flamen
1251 2366 1397 2413 Dialis
1421 2377 1626 2415 creatus.
1665 2378 1752 2415 etc.
1778 2390 1797 2410 n

285 2446 388 2490 Ullo
410 2445 561 2490 modo.
584 2442 819 2488 Plutarch.
837 2478 850 2500 ‚
866 2442 916 2487 in
935 2443 1111 2488 Coesar.
1122 2476 1138 2499 ,
1164 2458 1211 2503 p.
1230 2459 1319 2502 707
1342 2451 1476 2494 εοῦτε
1502 2452 1670 2504 ἐλπίσιν,
1699 2453 1787 2496 οὔτε
1805 2451 1930 2510 96⁶2·-

285 2522 548 2568 Gentilc'tick.
566 2519 624 2564 H.
643 2533 683 2564 e.
708 2517 870 2576 bonis,
893 2534 997 2579 quae
1015 2519 1308 2580 cognationis
1328 2520 1437 2579 jure
1452 2520 1514 2565 ad
1529 2536 1635 2565 eum
1658 2521 1930 2567 rediissent:

213 2614 320 2644 nam
352 2599 454 2658 lege
477 2594 693 2642 Cornelia
717 2595 776 2640 de
805 2595 1154 2656 proscriptione
1184 2605 1409 2642 statutum
1436 2596 1615 2655 fuerat,
1645 2606 1761 2644 teste
1783 2599 1933 2655 Ve11.,

215 2691 257 2720 11
274 2708 286 2730 ‚
321 2673 381 2718 28
407 2690 418 2717 :
447 2692 467 2713 «ι
490 2673 557 2719 Ut
588 2671 717 2717 bona
746 2672 1125 2733 proscriptorum
1148 2673 1390 2730 venirent,
1426 2673 1697 2735 exclusique
1726 2675 1932 2735 paternis

216 2751 413 2812 opibus,
441 2748 579 2795 etiam
601 2747 916 2808 petendorum
943 2749 1182 2795 honorum
1206 2751 1317 2810 jure
1335 2751 1717 2811 prohiberentur.
1749 2771 1768 2792 ιο

283 2829 593 2874 Diversarum.
617 2826 675 2871 H.
702 2840 740 2871 e.
766 2825 1091 2883 adversarum,
1115 2836 1168 2873 ut
1191 2827 1240 2873 in
1264 2829 1446 2887 Caesar„
1480 2830 1540 2874 de
1562 2828 1698 2874 Bello
1717 2829 1833 2886 Cim,
1863 2846 1901 2875 11
1921 2834 1938 2886 ,’

219 2921 281 2967 29
307 2922 319 2951 z
349 2925 368 2946 «ι
389 2901 649 2963 Municipia
673 2901 810 2948 etiam
833 2903 1022 2948 divers&
1045 2904 1263 2963 partibus
1295 2905 1565 2964 conjuncta.
1593 2924 1617 2946 n

275 3049 296 3070 ⁶
320 3047 551 3090 Memineris
574 3046 713 3097 velim,
740 3054 821 3101 opt.
852 3050 980 3096 Lect„
1007 3060 1068 3087 me
1092 3048 1333 3098 Casauboni,
1358 3049 1557 3091 Ten-eutis·
1594 3059 1632 3092 et
1658 3050 1798 3102 Pitiscil
1834 3052 1929 3092 alio-

220 3132 410 3174 rumque,
435 3130 558 3171 quum
581 3115 813 3164 recentiori,
840 3123 924 3157 tum
947 3125 1077 3158 nostra
1104 3118 1262 3171 quidem
1287 3127 1419 3167 aetate,
1445 3121 1590 3163 criticae
1618 3124 1711 3167 artis
1736 3126 1903 3179 peritiss.
1923 3158 1933 3172 ,

218 3192 323 3232 inter
347 3200 445 3242 quos
462 3186 606 3241 primas
626 3193 761 3227 tenent
784 3185 1065 3241 Oudendorp.‚
1089 3190 1361 3242 Baumgarteu,
1386 3200 1422 3231 et
1450 3193 1504 3232 Cl.
1534 3197 1661 3241 Hase,
1692 3193 1838 3235 auxilio
1862 3198 1929 3238 ad-

217 3264 369 3316 jutum,
395 3269 499 3299 meas
522 3256 613 3297 istas
636 3256 930 3310 qualescunque
955 3258 1224 3300 adnotationes
1249 3262 1466 3303 confecisse.
