2372 3918
314 253 374 295 62
987 250 1036 294 C.
1068 249 1359 296 SUETONII

314 375 376 411 ac
410 352 675 426 SalassoS,
712 366 897 435 gentes
932 354 1224 433 Inalpinas.
1265 355 1525 412 Coercuit
1551 366 1606 411 et
1633 357 1908 411 Dacorum
1940 353 2015 410 in-

314 454 614 526 cursioneS,
641 454 813 511 tribus
840 475 1028 511 eorum
1053 454 1283 511 ducibus
1308 475 1433 512 cum
1454 475 1653 532 magna
1673 453 1827 530 copia
1851 453 2023 521 caesis,

314 557 725 631 Germanosque
758 553 903 610 ultra
929 553 1119 611 Albim
1153 553 1381 610 fluvium
1419 555 1715 611 summovit
1754 574 1765 608 ε
1805 573 1870 608 ex
1908 553 2026 628 qui-

311 654 412 710 bus
432 654 607 711 Ubios
629 666 682 709 et
705 652 1034 730 Sygambros
1056 652 1311 710 dedentes
1335 674 1391 710 se
1411 654 1655 710 traduxit
1678 655 1734 709 in
1758 651 1996 710 Galliam
2011 695 2025 721 ,

312 767 475 832 atque
502 755 558 810 in
584 748 847 832 proximis
876 754 1068 810 Rheno
1098 754 1242 830 agris
1270 753 1569 810 collocavit.
1599 754 1745 812 Alias
1774 755 1904 809 item
1935 773 2028 807 na-

313 855 488 911 tiones
511 852 651 910 male
675 854 884 930 quietas
909 853 978 909 ad
1003 853 1326 929 obsequium
1354 853 1578 932 redegit.
1608 856 1725 911 Nec
1752 853 1850 910 ulli
1879 854 2027 931 genti

312 956 426 1010 sine
453 955 613 1030 justis
644 965 697 1009 et
730 953 1042 1009 necessariis
1078 954 1256 1009 causis
1292 951 1496 1009 bellum
1532 953 1751 1026 intulit,
1785 966 2028 1009 tantum-

311 1062 420 1131 que
444 1054 617 1110 abfuit
641 1075 672 1110 a
692 1053 991 1131 cupiditate
1015 1073 1241 1131 quoquo
1265 1053 1430 1110 modo
1455 1055 1747 1132 imperium
1768 1053 1854 1109 vel
1878 1052 2029 1109 belli-

312 1176 432 1211 cam
463 1154 692 1232 gloriam
720 1154 982 1231 augendi,
1014 1166 1076 1210 ut
1096 1154 1460 1232 quorumdam
1488 1154 1849 1210 barbarorum
1874 1154 2026 1230 prin-

311 1256 459 1332 cipes
486 1256 543 1309 in
565 1254 677 1310 aede
698 1240 894 1311 Martis
918 1253 1130 1311 Ultoris
1153 1254 1340 1330 jurare
1365 1255 1628 1332 coegerit,
1655 1275 1943 1310 mansuros
1973 1275 2028 1309 se

312 1355 367 1408 in
391 1354 497 1410 fide
517 1375 581 1409 ac
601 1374 757 1431 pace,
785 1374 949 1431 quam
971 1367 1244 1431 peterent3
1269 1375 1300 1410 a
1321 1353 1648 1431 quibusdam
1671 1375 1801 1410 vero
1824 1375 2029 1410 novum

310 1475 481 1532 genus
510 1454 786 1526 obsidum,
816 1455 1069 1526 feminaS,
1097 1455 1309 1531 exigere
1337 1454 1656 1526 tentaverit,
1686 1453 1836 1530 quod
1866 1452 2031 1531 negli-

310 1575 438 1631 gere
484 1555 720 1610 marium
765 1555 998 1632 pignora
1036 1554 1321 1610 sentiebat.
1366 1557 1439 1610 Et
1481 1565 1664 1610 tamen
1705 1565 2026 1630 potestatem

311 1675 525 1731 semper
569 1654 824 1710 omnibus
873 1654 1032 1726 fecit,
1083 1654 1297 1731 quoties
1345 1652 1581 1726 vellent,
1626 1654 1847 1710 obsides
1892 1654 2030 1710 reci-

310 1754 513 1831 piendi.
547 1755 740 1831 Neque
767 1766 864 1810 aut
896 1754 1139 1810 crebrius
1157 1798 1172 1825 ‚
1199 1766 1295 1810 aut
1323 1753 1669 1832 perfidiosius
1704 1753 2029 1810 rebellantes

313 1855 561 1932 graviore
591 1876 835 1932 unquam
862 1854 1010 1911 ultus
1039 1867 1119 1910 est
1148 1874 1335 1932 poena,
1366 1848 1532 1932 quam
1560 1867 1625 1911 ut
1654 1856 1898 1931 captivos
1928 1856 2028 1911 sub

312 1950 429 2032 lege
466 1955 841 2025 venundaret,
880 1976 950 2011 ne
990 1956 1048 2011 in
1085 1956 1265 2011 vicina
1299 1956 1524 2031 regione
1561 1956 1857 2025 servirent,
1893 1976 2029 2011 neve

311 2055 455 2110 intra
479 2056 810 2112 tricesimum
829 2076 1035 2112 annum
1057 2055 1435 2112 liberarentur.
1460 2057 1586 2128 Qua
1605 2056 1824 2112 virtutis
1847 2055 2036 2111 mode--

313 2157 647 2234 rationisque
677 2156 822 2212 fama
853 2156 1023 2212 Indos
1054 2157 1219 2211 etiam
1250 2177 1316 2211 ac
1349 2155 1608 2232 ScythaS‚
1638 2156 1830 2211 auditu
1862 2155 2028 2212 modo

313 2257 584 2333 cognitOS‚
615 2255 837 2333 pellexit
862 2255 930 2312 ad
960 2256 1254 2312 amicitiam
1283 2276 1436 2311 suam
1467 2252 1766 2333 populique
1791 2258 2028 2312 Romani

317 2355 460 2412 ultro
483 2377 582 2434 per
610 2355 813 2433 legatos
835 2356 1142 2434 petendam.
1169 2357 1359 2412 Parthi
1380 2376 1598 2432 quoque
1627 2368 1682 2411 et
1709 2357 2027 2412 Armeniam

312 2456 608 2513 vindicanti
663 2456 820 2513 facile
871 2469 1150 2514 cesserunt
1167 2500 1182 2527 ‚
1238 2468 1293 2512 et
1349 2457 1504 2533 signa
1558 2454 1816 2511 militaria
1834 2499 1849 2526 ,
1902 2476 2024 2532 quae

308 2557 386 2613 M.
423 2559 621 2613 Crasso
654 2569 710 2612 et
737 2559 818 2612 M.
854 2558 1097 2613 Antonio
1130 2555 1468 2626 ademerant,
1501 2556 1810 2632 reposcenti
1839 2555 2023 2611 reddi-

309 2656 511 2712 derunt
528 2655 936 2733 ,obsidesque
924 2677 1149 2736 1nsuper
1177 2655 1530 2726 obtulerunt3
1562 2655 1827 2732 denique,
1855 2655 2026 2735 pluri-

309 2756 412 2813 bus
443 2756 720 2834 quondam
750 2756 818 2811 de
848 2771 1018 2834 regno
1045 2749 1519 2829 concertantibus,
1552 2758 1770 2813 nonnisi
1806 2758 1920 2814 ab
1906 2779 2024 2866 ipso

308 2856 542 2913 electum
565 2858 1077 2935 comprobaverunt.

389 2959 570 3015 XXII.
614 2959 813 3013 Janum
846 2959 1175 3032 Quirinum,
1211 2958 1373 3016 semel
1404 2972 1568 3035 atque
1603 2961 1800 3015 iterum
1831 2979 1864 3014 a
1892 2979 2019 3014 con-

309 3058 423 3114 dita
444 3058 596 3116 Urbe
621 3059 939 3115 memoriam
965 3072 1090 3115 ante
1118 3050 1270 3115 suam
1300 3059 1544 3115 clausum
1562 3103 1577 3131 ,
1605 3060 1662 3115 in
1694 3058 1869 3114 multo
1895 3058 2018 3113 bre-

311 3158 458 3214 viore
474 3154 735 3233 temporis
751 3160 925 3235 spatio
936 3201 951 3231 ,
972 3171 1116 3214 terra
1130 3160 1377 3235 marique
1394 3181 1526 3237 pace
1543 3145 1699 3236 parta
1711 3201 1727 3231 ,
1745 3170 1827 3213 ter
1842 3157 2013 3215 clusit.

311 3257 399 3311 Bis
441 3275 610 3312 ovans
652 3257 925 3334 ingressus
965 3270 1045 3313 est
1082 3258 1328 3330 Urbem,
1374 3271 1496 3335 post
1540 3257 1920 3333 Philippense,
1960 3275 2015 3318 et
