2372 3918
2 3257 13 3309 .‚,
0 2942 23 3221 <af‹„,<q-,=-g—nx-·-=s⁸
0 2864 11 2940 ’Ἶ-ν
0 2719 9 2838 ἥψ-’ν-

780 290 845 334 ΙΝ
886 288 1025 335 OCT.
1062 288 1430 334 AUGUSTUM.
1892 290 1981 337 183

229 404 455 463 καιῶματσι
481 397 534 454 οἷς
568 404 605 447 οῖ
626 420 673 446 τι
702 404 816 447 ἄλλοι
847 404 944 462 πρὸς
965 403 1056 451 τοὺς
1083 403 1421 460 ἆλιυθιρομίνους,
1452 401 1523 445 καὶ
1554 403 1670 447 αὐτοὶ
1710 405 1745 447 οἱ
1777 401 1986 449 δισπόται

230 486 338 537 σφῶν
366 483 573 539 γινόμινοι
595 481 822 540 χρήσοιντο.

302 564 667 609 Immum‘tatem.
693 562 802 608 Scil.
835 576 897 607 ne
925 561 1128 621 posthac
1162 568 1283 606 esset
1308 559 1606 607 tributarius.

294 653 449 699 Iusta.
473 653 591 710 Quae
622 651 830 699 dabatur
861 665 1027 705 censu,
1070 650 1287 695 vindc‘cta
1302 683 1316 705 ‚
1355 659 1652 696 testamento.
1689 650 1812 698 Vide
1851 655 1957 699 Cic.
1975 689 1988 709 ,

227 729 276 774 in
306 731 418 793 Top.
437 765 452 786 ,
480 745 520 777 c.
554 746 610 777 11.
643 731 719 775 De
741 729 1057 774 libertinorum
1081 737 1235 783 statu,
1263 727 1329 774 sic
1351 728 1603 774 Justinian.
1629 731 1808 786 Instat„
1841 746 1888 790 1,
1915 733 1944 779 5
1975 749 1986 776 :

227 828 245 847 «
264 807 360 865 Qui
373 807 854 865 manumittebantur,
874 806 1025 852 modo
1049 805 1278 864 majorem
1302 814 1350 851 et
1361 804 1547 863 justam
1571 806 1839 854 libertatem
1863 825 1986 855 con·

228 886 567 947 sequebantur,
588 894 635 933 et
650 884 831 932 fiebant
853 884 975 930 cives
991 885 1179 930 romani
1195 900 1210 928 .·
1238 883 1387 929 modo
1411 886 1642 930 minorem
1656 919 1671 940 ,
1698 894 1745 931 et
1769 888 1912 932 latini
1931 904 1990 934 ex

227 965 328 1027 lege
353 964 478 1011 Julia
508 964 739 1011 Norbana
769 961 973 1020 fiebant;
1007 962 1158 1008 modo
1193 961 1478 1022 inferiorem,
1513 972 1559 1010 et
1590 962 1769 1010 fiebant
1797 981 1856 1011 ex
1886 967 1989 1029 lege

228 1040 348 1088 AElia
372 1041 536 1089 Scutia
566 1041 747 1086 deditii.
774 1059 791 1083 ι

293 1130 562 1176 Pria-tinum.
587 1132 772 1192 Togam
800 1129 889 1176 sub
913 1132 1133 1192 Augusto
1161 1128 1428 1175 desuevisse
1454 1138 1501 1174 et
1520 1128 1569 1174 in
1598 1130 1701 1190 ejus
1730 1132 1890 1177 locum
1913 1134 1987 1178 la-

225 1223 388 1254 cernas
420 1207 695 1255 successisse
719 1208 863 1255 docet
891 1209 1100 1266 Ferrar.,
1127 1208 1188 1252 de
1218 1208 1288 1252 Re
1315 1218 1430 1253 vest.
1447 1241 1463 1263 ,
1498 1224 1515 1253 1
1531 1243 1545 1266 ,
1586 1224 1625 1253 1.

291 1298 402 1344 Cn.
435 1298 567 1344 XLI.
593 1297 791 1359 Effecit.
821 1298 992 1352 Oros.,
1022 1313 1103 1354 v1,
1145 1313 1203 1359 19
1231 1313 1251 1342 τ·
1270 1317 1289 1338 «
1319 1299 1473 1344 Roma
1504 1297 1553 1342 in
1590 1306 1777 1344 tantum
1812 1298 1992 1360 opibus

225 1373 555 1439 (Alexandriae
589 1373 744 1440 urbis)
780 1385 919 1422 aucta
950 1384 1044 1434 est,
1067 1385 1122 1421 ut
1145 1384 1348 1436 propter
1381 1375 1726 1422 abundantiam
1756 1377 1991 1438 pecunia—

224 1470 357 1513 rum,
382 1453 595 1516 duplicia
618 1469 765 1516 quam
787 1469 943 1515 usque
967 1453 1029 1498 ad
1053 1453 1103 1499 id
1138 1453 1355 1511 fuerant,
1386 1454 1741 1514 possessionum
1764 1455 1992 1501 aliarum-

163 1578 169 1585 ,
226 1546 322 1593 que
346 1547 510 1578 rerum
530 1531 773 1593 venalium
796 1532 952 1593 pretia
975 1539 1313 1578 statuerentur.
1334 1552 1353 1572 ι»

295 1620 468 1668 cavere
491 1623 539 1667 in
561 1623 773 1684 duplum.
801 1623 858 1668 H.
897 1638 936 1667 e.
972 1621 1022 1666 in
1061 1620 1259 1683 duplam
1286 1636 1516 1667 summam
1554 1621 1799 1684 praedibus
1830 1631 1878 1669 et
1908 1620 1991 1685 pi·-

226 1698 460 1760 gnoribus
485 1699 609 1746 datis
633 1716 732 1746 sese
763 1695 991 1763 obligare.

291 1777 489 1823 Pueros.
520 1779 792 1841 Augustum
829 1777 1061 1838 Trajanus
1090 1777 1303 1823 imitatus
1325 1788 1423 1836 est,
1467 1780 1527 1824 de
1566 1794 1666 1841 quo
1696 1778 1816 1824 Plin.
1849 1780 1961 1824 Jun.
1977 1814 1991 1836 ,

228 1856 434 1917 Paneg..
464 1871 580 1901 xxm
595 1891 609 1915 ‚
634 1856 680 1902 3.

294 1943 618 1989 Nummarc'aS.
651 1969 718 1978 —
750 1945 961 1990 Tesseroe
995 1945 1276 2003 nummariae
1307 1953 1444 1991 crant
1479 1944 1656 2007 quibus
1685 1944 1748 1991 ad
1779 1952 1991 2006 quaesto-

225 2036 324 2066 rem
350 2021 528 2081 allatis,
561 2021 746 2067 nummi
779 2021 1027 2084 congiario
1051 2020 1278 2083 promissi
1309 2021 1656 2069 reddebantur.

293 2099 404 2144 Cu».
430 2100 588 2145 XLII.
624 2099 946 2174 Ambitiosunz.
974 2100 1031 2144 H.
1060 2099 1089 2144 l.
1118 2100 1404 2161 popularem
1429 2085 1594 2146 auram
1620 2106 1907 2160 captantem.

300 2187 500 2236 St‘tt'rent.
527 2187 647 2247 Dio,
683 2203 790 2246 mv,
823 2204 873 2250 p.
909 2189 1005 2251 529
1031 2205 1042 2234 ἓ
1067 2195 1153 2239 Καὶ
1185 2197 1289 2238 οὕτω
1314 2212 1361 2254 γε
1388 2198 1533 2247 ἐκεῖνος
1565 2198 1630 2239 ἐπ’
1662 2198 1773 2255 αὐτῷ
1810 2198 1993 2254 ἔχαιρεν,

227 2273 336 2315 ὦστι
361 2273 634 2322 σπανιότητός
655 2289 758 2316 ποτε
783 2272 885 2316 οἴνου
908 2274 1147 2332 γενομένης,
1183 2274 1255 2315 καὶ
1289 2279 1368 2316 τῶν
1396 2275 1615 2332 ἀνθρώπων
1652 2271 1770 2317 δεινὰ
1794 2270 1995 2317 διαβοών-

225 2367 330 2404 των,
345 2349 587 2401 ἱκανώτατοι
600 2351 675 2408 ἔφη
698 2350 766 2394 τὸν
789 2342 1012 2409 Ᾰγρίππαν
1035 2350 1368 2409 προνινοηκέναι,
1394 2351 1503 2394 ὥστε
1528 2353 1584 2410 μὴ
1602 2347 1705 2408 δίψῃ
1728 2352 1831 2394 ποτὶ
1851 2352 1994 2399 αὐτοὺς

228 2428 468 2472 ἀπολέσθαι.
710 2474 716 2480 ,

294 2509 519 2558 Numero.
546 2510 607 2556 H.
631 2525 672 2556 e.
707 2508 760 2555 in
781 2508 938 2556 tribus
970 2509 1282 2572 distributos„
1318 2511 1368 2556 in
1395 2526 1516 2572 quas
1539 2510 1708 2556 referri
1747 2509 1993 2556 debebant

225 2586 524 2646 manumissi,
549 2596 807 2650 antequam
831 2587 894 2634 ad
917 2588 1161 2651 congiaria
1176 2625 1190 2648 ,
1225 2589 1398 2635 aliasve
1432 2588 1741 2634 liberalitates
1766 2587 1993 2634 admitte-

226 2675 410 2713 rentur.

294 2743 560 2791 Stet-[litate.
593 2748 713 2804 Quae
739 2743 913 2791 accidit
935 2746 1003 2790 M.
1033 2746 1228 2792 AEmilio
1258 2746 1447 2808 Lepido
1482 2754 1529 2791 et
1559 2747 1613 2790 L.
1639 2743 1876 2790 Arruntio
1904 2759 1992 2788 ne-

226 2811 344 2883 pot⁰e
367 2837 485 2870 coss.
509 2825 568 2869 A.
595 2825 654 2870 U.
690 2822 800 2881 760.
836 2823 906 2869 Cf.
933 2823 1108 2881 Dion,
1141 2839 1223 2881 ιν,
1250 2839 1298 2884 p.
1327 2822 1437 2871 566.

296 2900 534 2960 Impetum
550 2909 602 2946 se
625 2900 822 2961 cepisse.
848 2900 918 2944 Ita
935 2899 1100 2945 Senec.
1125 2901 1195 2945 ad
1218 2902 1350 2946 Helu.
1363 2934 1378 2955 ‚
1405 2917 1422 2946 1
1450 2917 1460 2946 ε
1486 2922 1506 2941 «
1528 2901 1662 2960 Saepe
1684 2899 1782 2958 jaun
1797 2933 1809 2956 ,
1842 2907 1995 2944 mater

154 2989 158 2993 ’
230 2975 435 3036 optima,
460 2975 692 3039 impetum
717 2977 824 3038 cepi
850 2977 1135 3024 consolandi
1159 2986 1219 3024 te.
1254 2999 1274 3019 ι

270 3055 544 3100 -Rationem
583 3056 785 3102 duceret.
824 3055 933 3102 Scil.
974 3056 1024 3102 in
1057 3055 1399 3103 distributione
1438 3054 1666 3102 frumenti
1695 3070 1795 3100 non
1834 3054 1992 3100 minus

227 3142 473 3178 aratorum
500 3140 548 3179 et
578 3117 918 3195 negotinntium
953 3149 1098 3196 quam
1122 3134 1277 3196 plebis
1312 3134 1477 3196 otiosae
1507 3135 1742 3178 rationem
1778 3132 1991 3179 haberet.

227 3211 284 3255 H.
321 3210 351 3255 l.
379 3221 591 3256 arator-es
622 3219 668 3256 et
706 3212 998 3273 negotiantes
1029 3211 1296 3275 significare
1333 3213 1438 3258 vult
1469 3212 1538 3258 Cl.
1579 3213 1742 3265 Hase,
1784 3211 1961 3272 equites
1978 3244 1991 3265 ,

228 3287 314 3347 qui
342 3286 589 3350 vectigalia
617 3305 854 3351 agrosque
886 3290 1109 3351 publicos
1144 3290 1513 3348 conduxissent,
1538 3289 1797 3353 multisque
1829 3290 1989 3334 mani--

227 3365 317 3411 bun
339 3382 462 3428 opus
493 3367 724 3413 haberent
749 3366 814 3413 'ad
841 3368 1111 3415 exercenda
1145 3368 1340 3431 negotia
1374 3366 1700 3429 colendosque
1735 3383 1889 3429 agros.
