<?xml version="1.0" encoding="UTF-8"?>
<!DOCTYPE html PUBLIC "-//W3C//DTD XHTML 1.0 Transitional//EN"
    "http://www.w3.org/TR/xhtml1/DTD/xhtml1-transitional.dtd">
<html xmlns="http://www.w3.org/1999/xhtml" xml:lang="en" lang="en">
 <head>
  <title>
</title>
<meta http-equiv="Content-Type" content="text/html;charset=utf-8" />
  <meta name='ocr-system' content='tesseract 3.04.00' />
  <meta name='ocr-capabilities' content='ocr_page ocr_carea ocr_par ocr_line ocrx_word'/>
</head>
<body>
  <div class='ocr_page' id='page_1' title='image "./operasuet00suetuoft_0440.png"; bbox 0 0 2372 3918; ppageno 0'>
   <div class='ocr_carea' id='block_1_1' title="bbox 408 238 2159 1267">
    <p class='ocr_par' dir='ltr' id='par_1_1' title="bbox 423 238 1386 292">
     <span class='ocr_line' id='line_1_1' title="bbox 423 238 1386 292; baseline 0.002 -10"><span class='ocrx_word' id='word_1_1' title='bbox 423 251 442 281; x_wconf 83' lang='grc'>1</span> <span class='ocrx_word' id='word_1_2' title='bbox 455 238 514 292; x_wconf 70' lang='grc'><strong>’54</strong></span> <span class='ocrx_word' id='word_1_3' title='bbox 1196 240 1386 286; x_wconf 84' lang='lat' dir='ltr'><strong>NOTAE</strong></span> 
     </span>
    </p>

    <p class='ocr_par' dir='ltr' id='par_1_2' title="bbox 485 335 1313 383">
     <span class='ocr_line' id='line_1_2' title="bbox 485 335 1313 383; baseline 0.004 -3"><span class='ocrx_word' id='word_1_4' title='bbox 485 336 838 381; x_wconf 83' lang='lat' dir='ltr'><strong>Decedentibus.</strong></span> <span class='ocrx_word' id='word_1_5' title='bbox 863 336 921 382; x_wconf 90' lang='lat' dir='ltr'><strong>H.</strong></span> <span class='ocrx_word' id='word_1_6' title='bbox 948 352 987 381; x_wconf 86' lang='lat' dir='ltr'><strong>e.</strong></span> <span class='ocrx_word' id='word_1_7' title='bbox 1021 335 1313 383; x_wconf 85' lang='lat' dir='ltr'><strong>cedentibus.</strong></span> 
     </span>
    </p>

    <p class='ocr_par' dir='ltr' id='par_1_3' title="bbox 416 422 2159 559">
     <span class='ocr_line' id='line_1_3' title="bbox 488 422 2159 489; baseline 0.004 -21"><span class='ocrx_word' id='word_1_8' title='bbox 488 422 714 485; x_wconf 83' lang='lat' dir='ltr'><strong><em>Unquam.</em></strong></span> <span class='ocrx_word' id='word_1_9' title='bbox 747 424 833 470; x_wconf 87' lang='lat' dir='ltr'><strong>Illa</strong></span> <span class='ocrx_word' id='word_1_10' title='bbox 857 422 1088 487; x_wconf 83' lang='lat' dir='ltr'><strong>restringe</strong></span> <span class='ocrx_word' id='word_1_11' title='bbox 1125 424 1188 470; x_wconf 91' lang='lat' dir='ltr'><strong>ad</strong></span> <span class='ocrx_word' id='word_1_12' title='bbox 1219 433 1434 485; x_wconf 88' lang='lat' dir='ltr'><strong>tempora</strong></span> <span class='ocrx_word' id='word_1_13' title='bbox 1465 431 1572 469; x_wconf 89' lang='lat' dir='ltr'><strong>ante</strong></span> <span class='ocrx_word' id='word_1_14' title='bbox 1620 424 1867 483; x_wconf 81' lang='lat' dir='ltr'><strong>Caesarem3</strong></span> <span class='ocrx_word' id='word_1_15' title='bbox 1904 441 2015 472; x_wconf 87' lang='lat' dir='ltr'><strong>nam</strong></span> <span class='ocrx_word' id='word_1_16' title='bbox 2048 437 2159 489; x_wconf 87' lang='lat' dir='ltr'><strong>post</strong></span> 
     </span>
     <span class='ocr_line' id='line_1_4' title="bbox 416 500 1541 559; baseline -0.001 -13"><span class='ocrx_word' id='word_1_17' title='bbox 416 500 518 559; x_wconf 83' lang='lat' dir='ltr'><strong>ejus</strong></span> <span class='ocrx_word' id='word_1_18' title='bbox 540 515 781 547; x_wconf 85' lang='lat' dir='ltr'><strong>excessum</strong></span> <span class='ocrx_word' id='word_1_19' title='bbox 813 517 868 548; x_wconf 91' lang='lat' dir='ltr'><strong>ea</strong></span> <span class='ocrx_word' id='word_1_20' title='bbox 893 515 970 548; x_wconf 87' lang='lat' dir='ltr'><strong>res</strong></span> <span class='ocrx_word' id='word_1_21' title='bbox 995 517 1097 547; x_wconf 89' lang='lat' dir='ltr'><strong>non</strong></span> <span class='ocrx_word' id='word_1_22' title='bbox 1122 500 1292 547; x_wconf 87' lang='lat' dir='ltr'><strong>habuit</strong></span> <span class='ocrx_word' id='word_1_23' title='bbox 1323 500 1541 547; x_wconf 92' lang='lat' dir='ltr'><strong>modum.</strong></span> 
     </span>
    </p>

    <p class='ocr_par' dir='ltr' id='par_1_4' title="bbox 408 576 2159 869">
     <span class='ocr_line' id='line_1_5' title="bbox 485 576 2159 641; baseline 0.004 -19"><span class='ocrx_word' id='word_1_24' title='bbox 485 577 879 639; x_wconf 82' lang='lat' dir='ltr'><strong>Supplicationes.</strong></span> <span class='ocrx_word' id='word_1_25' title='bbox 928 603 993 612; x_wconf 90' lang='lat'>—</span> <span class='ocrx_word' id='word_1_26' title='bbox 1034 577 1330 638; x_wconf 82' lang='lat' dir='ltr'><strong>Supplicatio</strong></span> <span class='ocrx_word' id='word_1_27' title='bbox 1366 586 1470 623; x_wconf 91' lang='lat' dir='ltr'><strong>erat</strong></span> <span class='ocrx_word' id='word_1_28' title='bbox 1498 576 1693 638; x_wconf 88' lang='lat' dir='ltr'><strong>publica</strong></span> <span class='ocrx_word' id='word_1_29' title='bbox 1720 579 1979 641; x_wconf 84' lang='lat' dir='ltr'><strong>gratiarum</strong></span> <span class='ocrx_word' id='word_1_30' title='bbox 2012 581 2159 641; x_wconf 86' lang='lat' dir='ltr'><strong>actio;</strong></span> 
     </span>
     <span class='ocr_line' id='line_1_6' title="bbox 412 654 2158 721; baseline 0.004 -23"><span class='ocrx_word' id='word_1_31' title='bbox 412 668 583 715; x_wconf 83' lang='lat' dir='ltr'><strong>nempe</strong></span> <span class='ocrx_word' id='word_1_32' title='bbox 619 669 773 716; x_wconf 87' lang='lat' dir='ltr'><strong>quum</strong></span> <span class='ocrx_word' id='word_1_33' title='bbox 804 662 991 701; x_wconf 87' lang='lat' dir='ltr'><strong>senatus</strong></span> <span class='ocrx_word' id='word_1_34' title='bbox 1016 654 1254 716; x_wconf 92' lang='lat' dir='ltr'><strong>populum</strong></span> <span class='ocrx_word' id='word_1_35' title='bbox 1284 654 1428 700; x_wconf 86' lang='lat' dir='ltr'><strong>deum</strong></span> <span class='ocrx_word' id='word_1_36' title='bbox 1451 655 1626 715; x_wconf 90' lang='lat' dir='ltr'><strong>templa</strong></span> <span class='ocrx_word' id='word_1_37' title='bbox 1652 654 1862 715; x_wconf 87' lang='lat' dir='ltr'><strong>aperire,</strong></span> <span class='ocrx_word' id='word_1_38' title='bbox 1894 673 1948 703; x_wconf 92' lang='lat' dir='ltr'><strong>ac</strong></span> <span class='ocrx_word' id='word_1_39' title='bbox 1984 658 2158 721; x_wconf 85' lang='lat' dir='ltr'>gratias</span> 
     </span>
     <span class='ocr_line' id='line_1_7' title="bbox 413 728 2155 793; baseline 0.002 -16"><span class='ocrx_word' id='word_1_40' title='bbox 413 728 504 777; x_wconf 80' lang='lat' dir='ltr'><strong>diis</strong></span> <span class='ocrx_word' id='word_1_41' title='bbox 543 729 844 793; x_wconf 85' lang='lat' dir='ltr'><strong>imperatoris</strong></span> <span class='ocrx_word' id='word_1_42' title='bbox 885 730 1079 777; x_wconf 87' lang='lat' dir='ltr'><strong>nomine</strong></span> <span class='ocrx_word' id='word_1_43' title='bbox 1117 746 1256 793; x_wconf 84' lang='lat' dir='ltr'><strong>agere</strong></span> <span class='ocrx_word' id='word_1_44' title='bbox 1286 731 1501 791; x_wconf 88' lang='lat' dir='ltr'><strong>jubebat.</strong></span> <span class='ocrx_word' id='word_1_45' title='bbox 1549 731 1675 776; x_wconf 89' lang='lat' dir='ltr'><strong>Vide</strong></span> <span class='ocrx_word' id='word_1_46' title='bbox 1703 732 1875 778; x_wconf 69' lang='lat' dir='ltr'><strong>Smon.</strong></span> <span class='ocrx_word' id='word_1_47' title='bbox 1894 768 1908 791; x_wconf 94' lang='lat'>‚</span> <span class='ocrx_word' id='word_1_48' title='bbox 1946 735 2006 780; x_wconf 84' lang='lat' dir='ltr'><strong>de</strong></span> <span class='ocrx_word' id='word_1_49' title='bbox 2044 737 2155 781; x_wconf 75' lang='lat' dir='ltr'><strong>Iure</strong></span> 
     </span>
     <span class='ocr_line' id='line_1_8' title="bbox 408 823 742 869; baseline 0.006 -15"><span class='ocrx_word' id='word_1_50' title='bbox 408 823 540 869; x_wconf 77' lang='lat' dir='ltr'><strong>prov.</strong></span> <span class='ocrx_word' id='word_1_51' title='bbox 550 842 567 864; x_wconf 90' lang='lat'>‚</span> <span class='ocrx_word' id='word_1_52' title='bbox 596 823 639 855; x_wconf 90' lang='lat'><strong>11</strong></span> <span class='ocrx_word' id='word_1_53' title='bbox 652 845 666 868; x_wconf 94' lang='lat'><strong>,</strong></span> <span class='ocrx_word' id='word_1_54' title='bbox 701 825 742 857; x_wconf 89' lang='lat'><strong>1.</strong></span> 
     </span>
    </p>

    <p class='ocr_par' dir='ltr' id='par_1_5' title="bbox 408 897 2157 1267">
     <span class='ocr_line' id='line_1_9' title="bbox 476 897 2157 964; baseline 0.002 -19"><span class='ocrx_word' id='word_1_55' title='bbox 476 897 589 945; x_wconf 72' lang='lat' dir='ltr'><strong>CAP.</strong></span> <span class='ocrx_word' id='word_1_56' title='bbox 613 897 775 945; x_wconf 85' lang='lat' dir='ltr'><strong>XXV.</strong></span> <span class='ocrx_word' id='word_1_57' title='bbox 807 898 1046 943; x_wconf 84' lang='lat' dir='ltr'><strong>Formam.</strong></span> <span class='ocrx_word' id='word_1_58' title='bbox 1065 898 1123 942; x_wconf 88' lang='lat' dir='ltr'><strong>In</strong></span> <span class='ocrx_word' id='word_1_59' title='bbox 1143 897 1403 957; x_wconf 68' lang='lat' dir='ltr'><strong>provinciae</strong></span> <span class='ocrx_word' id='word_1_60' title='bbox 1424 898 1638 945; x_wconf 83' lang='lat' dir='ltr'><strong>sormam.</strong></span> <span class='ocrx_word' id='word_1_61' title='bbox 1649 899 1885 963; x_wconf 87' lang='lat' dir='ltr'><strong>redigitur</strong></span> <span class='ocrx_word' id='word_1_62' title='bbox 1909 900 2043 964; x_wconf 85' lang='lat' dir='ltr'><strong>regio</strong></span> <span class='ocrx_word' id='word_1_63' title='bbox 2066 901 2157 948; x_wconf 87' lang='lat' dir='ltr'><strong>de—</strong></span> 
     </span>
     <span class='ocr_line' id='line_1_10' title="bbox 408 973 2151 1040; baseline 0.002 -20"><span class='ocrx_word' id='word_1_64' title='bbox 408 973 559 1034; x_wconf 81' lang='lat' dir='ltr'><strong>victa,</strong></span> <span class='ocrx_word' id='word_1_65' title='bbox 575 974 652 1022; x_wconf 89' lang='lat' dir='ltr'><strong>cui</strong></span> <span class='ocrx_word' id='word_1_66' title='bbox 672 974 907 1020; x_wconf 87' lang='lat' dir='ltr'><strong>tributum</strong></span> <span class='ocrx_word' id='word_1_67' title='bbox 920 974 1185 1035; x_wconf 83' lang='lat' dir='ltr'>imponitur</span> <span class='ocrx_word' id='word_1_68' title='bbox 1201 1010 1214 1033; x_wconf 91' lang='lat'><strong>,</strong></span> <span class='ocrx_word' id='word_1_69' title='bbox 1229 975 1378 1039; x_wconf 87' lang='lat' dir='ltr'><strong>leges,</strong></span> <span class='ocrx_word' id='word_1_70' title='bbox 1393 975 1560 1037; x_wconf 83' lang='lat' dir='ltr'><strong>patriis</strong></span> <span class='ocrx_word' id='word_1_71' title='bbox 1574 976 1760 1040; x_wconf 83' lang='lat' dir='ltr'><strong>legibus</strong></span> <span class='ocrx_word' id='word_1_72' title='bbox 1786 977 1998 1037; x_wconf 89' lang='lat' dir='ltr'><strong>abolitis,</strong></span> <span class='ocrx_word' id='word_1_73' title='bbox 2024 994 2051 1024; x_wconf 88' lang='lat' dir='ltr'><strong>a</strong></span> <span class='ocrx_word' id='word_1_74' title='bbox 2072 979 2151 1025; x_wconf 80' lang='lat' dir='ltr'><strong>vi-</strong></span> 
     </span>
     <span class='ocr_line' id='line_1_11' title="bbox 410 1050 2156 1116; baseline 0.003 -19"><span class='ocrx_word' id='word_1_75' title='bbox 410 1059 542 1099; x_wconf 88' lang='lat' dir='ltr'><strong>ctore</strong></span> <span class='ocrx_word' id='word_1_76' title='bbox 575 1053 820 1111; x_wconf 80' lang='lat' dir='ltr'><strong>feruntur3</strong></span> <span class='ocrx_word' id='word_1_77' title='bbox 852 1060 900 1097; x_wconf 91' lang='lat' dir='ltr'><strong>et</strong></span> <span class='ocrx_word' id='word_1_78' title='bbox 938 1050 1025 1113; x_wconf 90' lang='lat' dir='ltr'><strong>qui</strong></span> <span class='ocrx_word' id='word_1_79' title='bbox 1054 1050 1183 1097; x_wconf 91' lang='lat' dir='ltr'><strong>illam</strong></span> <span class='ocrx_word' id='word_1_80' title='bbox 1204 1051 1272 1098; x_wconf 90' lang='lat' dir='ltr'><strong>ita</strong></span> <span class='ocrx_word' id='word_1_81' title='bbox 1302 1061 1462 1116; x_wconf 85' lang='lat' dir='ltr'><strong>regat,</strong></span> <span class='ocrx_word' id='word_1_82' title='bbox 1494 1062 1550 1098; x_wconf 91' lang='lat' dir='ltr'><strong>ut</strong></span> <span class='ocrx_word' id='word_1_83' title='bbox 1576 1061 1624 1099; x_wconf 90' lang='lat' dir='ltr'><strong>et</strong></span> <span class='ocrx_word' id='word_1_84' title='bbox 1646 1053 1725 1114; x_wconf 87' lang='lat' dir='ltr'><strong>jus</strong></span> <span class='ocrx_word' id='word_1_85' title='bbox 1758 1053 1809 1099; x_wconf 91' lang='lat' dir='ltr'><strong>in</strong></span> <span class='ocrx_word' id='word_1_86' title='bbox 1839 1055 2156 1103; x_wconf 84' lang='lat' dir='ltr'><strong>conventibus</strong></span> 
     </span>
     <span class='ocr_line' id='line_1_12' title="bbox 410 1128 2152 1192; baseline 0.003 -18"><span class='ocrx_word' id='word_1_87' title='bbox 410 1128 560 1188; x_wconf 85' lang='lat' dir='ltr'><strong>dicat,</strong></span> <span class='ocrx_word' id='word_1_88' title='bbox 598 1137 645 1176; x_wconf 85' lang='lat' dir='ltr'><strong>et</strong></span> <span class='ocrx_word' id='word_1_89' title='bbox 685 1128 800 1176; x_wconf 87' lang='lat' dir='ltr'><strong>belli</strong></span> <span class='ocrx_word' id='word_1_90' title='bbox 831 1128 1030 1192; x_wconf 84' lang='lat' dir='ltr'><strong>gerendi</strong></span> <span class='ocrx_word' id='word_1_91' title='bbox 1060 1144 1199 1175; x_wconf 89' lang='lat' dir='ltr'><strong>causa</strong></span> <span class='ocrx_word' id='word_1_92' title='bbox 1235 1129 1489 1191; x_wconf 90' lang='lat' dir='ltr'><strong>imperium</strong></span> <span class='ocrx_word' id='word_1_93' title='bbox 1516 1130 1712 1190; x_wconf 88' lang='lat' dir='ltr'><strong>habeat,</strong></span> <span class='ocrx_word' id='word_1_94' title='bbox 1737 1141 1915 1192; x_wconf 86' lang='lat' dir='ltr'><strong>praetor</strong></span> <span class='ocrx_word' id='word_1_95' title='bbox 1944 1132 2152 1180; x_wconf 76' lang='lat' dir='ltr'><strong>additur.</strong></span> 
     </span>
     <span class='ocr_line' id='line_1_13' title="bbox 408 1205 1255 1267; baseline 0.001 -17"><span class='ocrx_word' id='word_1_96' title='bbox 408 1205 603 1264; x_wconf 62' lang='lat' dir='ltr'><strong>Smon„</strong></span> <span class='ocrx_word' id='word_1_97' title='bbox 623 1206 684 1251; x_wconf 88' lang='lat' dir='ltr'><strong>de</strong></span> <span class='ocrx_word' id='word_1_98' title='bbox 708 1208 817 1251; x_wconf 84' lang='lat' dir='ltr'><strong>Ant.</strong></span> <span class='ocrx_word' id='word_1_99' title='bbox 834 1205 933 1262; x_wconf 84' lang='lat' dir='ltr'><strong>jur.</strong></span> <span class='ocrx_word' id='word_1_100' title='bbox 948 1221 1110 1267; x_wconf 63' lang='lat' dir='ltr'><strong>prov„</strong></span> <span class='ocrx_word' id='word_1_101' title='bbox 1138 1222 1184 1265; x_wconf 91' lang='lat'><strong>1,</strong></span> <span class='ocrx_word' id='word_1_102' title='bbox 1216 1223 1255 1251; x_wconf 91' lang='lat'><strong>1.</strong></span> 
     </span>
    </p>
   </div>
   <div class='ocr_carea' id='block_1_2' title="bbox 403 1293 2154 1986">
    <p class='ocr_par' dir='ltr' id='par_1_6' title="bbox 405 1293 2154 1661">
     <span class='ocr_line' id='line_1_14' title="bbox 474 1293 2153 1358; baseline 0.002 -19"><span class='ocrx_word' id='word_1_103' title='bbox 474 1294 586 1340; x_wconf 65' lang='lat' dir='ltr'><strong>Cn.</strong></span> <span class='ocrx_word' id='word_1_104' title='bbox 610 1293 796 1339; x_wconf 84' lang='lat' dir='ltr'><strong>XXVI.</strong></span> <span class='ocrx_word' id='word_1_105' title='bbox 813 1294 1018 1347; x_wconf 76' lang='lat' dir='ltr'><strong>Fer-rent.</strong></span> <span class='ocrx_word' id='word_1_106' title='bbox 1049 1294 1281 1341; x_wconf 84' lang='lat' dir='ltr'><strong>Solemnis</strong></span> <span class='ocrx_word' id='word_1_107' title='bbox 1306 1294 1512 1353; x_wconf 89' lang='lat' dir='ltr'><strong>locutio,</strong></span> <span class='ocrx_word' id='word_1_108' title='bbox 1538 1305 1690 1356; x_wconf 87' lang='lat' dir='ltr'><strong>quum</strong></span> <span class='ocrx_word' id='word_1_109' title='bbox 1714 1311 1829 1342; x_wconf 81' lang='lat' dir='ltr'><strong>coss.</strong></span> <span class='ocrx_word' id='word_1_110' title='bbox 1859 1305 1943 1342; x_wconf 86' lang='lat' dir='ltr'><strong>aut</strong></span> <span class='ocrx_word' id='word_1_111' title='bbox 1969 1306 2153 1358; x_wconf 89' lang='lat' dir='ltr'><strong>praeto-</strong></span> 
     </span>
     <span class='ocr_line' id='line_1_15' title="bbox 406 1369 2154 1434; baseline 0.003 -20"><span class='ocrx_word' id='word_1_112' title='bbox 406 1386 482 1418; x_wconf 85' lang='lat' dir='ltr'><strong>res</strong></span> <span class='ocrx_word' id='word_1_113' title='bbox 520 1370 572 1415; x_wconf 92' lang='lat' dir='ltr'><strong>in</strong></span> <span class='ocrx_word' id='word_1_114' title='bbox 606 1369 808 1415; x_wconf 86' lang='lat' dir='ltr'><strong>comitiis</strong></span> <span class='ocrx_word' id='word_1_115' title='bbox 836 1369 1019 1430; x_wconf 89' lang='lat' dir='ltr'><strong>aliquid</strong></span> <span class='ocrx_word' id='word_1_116' title='bbox 1041 1379 1350 1432; x_wconf 90' lang='lat' dir='ltr'><strong>proponunt,</strong></span> <span class='ocrx_word' id='word_1_117' title='bbox 1372 1372 1657 1433; x_wconf 87' lang='lat' dir='ltr'><strong>populoque</strong></span> <span class='ocrx_word' id='word_1_118' title='bbox 1679 1381 1734 1417; x_wconf 91' lang='lat' dir='ltr'><strong>ut</strong></span> <span class='ocrx_word' id='word_1_119' title='bbox 1764 1372 1816 1418; x_wconf 91' lang='lat' dir='ltr'><strong>id</strong></span> <span class='ocrx_word' id='word_1_120' title='bbox 1840 1371 1952 1421; x_wconf 87' lang='lat' dir='ltr'><strong>fieri</strong></span> <span class='ocrx_word' id='word_1_121' title='bbox 1964 1373 2154 1434; x_wconf 88' lang='lat' dir='ltr'><strong>jubeat,</strong></span> 
     </span>
     <span class='ocr_line' id='line_1_16' title="bbox 406 1446 2152 1511; baseline 0.001 -17"><span class='ocrx_word' id='word_1_122' title='bbox 406 1448 621 1494; x_wconf 85' lang='lat' dir='ltr'><strong>suadent.</strong></span> <span class='ocrx_word' id='word_1_123' title='bbox 646 1446 749 1492; x_wconf 89' lang='lat' dir='ltr'><strong>Liv.</strong></span> <span class='ocrx_word' id='word_1_124' title='bbox 768 1482 782 1505; x_wconf 96' lang='lat'><strong>,</strong></span> <span class='ocrx_word' id='word_1_125' title='bbox 812 1462 940 1492; x_wconf 83' lang='lat' dir='ltr'>xxu1</span> <span class='ocrx_word' id='word_1_126' title='bbox 953 1482 967 1506; x_wconf 94' lang='lat'><strong>,</strong></span> <span class='ocrx_word' id='word_1_127' title='bbox 991 1447 1055 1493; x_wconf 84' lang='lat'><strong>30</strong></span> <span class='ocrx_word' id='word_1_128' title='bbox 1078 1464 1090 1493; x_wconf 70' lang='grc' dir='ltr'><strong><em>ε</em></strong></span> <span class='ocrx_word' id='word_1_129' title='bbox 1118 1447 1358 1494; x_wconf 84' lang='lat' dir='ltr'><strong>«Senatus</strong></span> <span class='ocrx_word' id='word_1_130' title='bbox 1384 1446 1617 1506; x_wconf 86' lang='lat' dir='ltr'><strong>decrevit,</strong></span> <span class='ocrx_word' id='word_1_131' title='bbox 1641 1456 1696 1492; x_wconf 89' lang='lat' dir='ltr'><strong>ut</strong></span> <span class='ocrx_word' id='word_1_132' title='bbox 1740 1448 1812 1494; x_wconf 88' lang='lat' dir='ltr'><strong>Ti.</strong></span> <span class='ocrx_word' id='word_1_133' title='bbox 1840 1449 2152 1511; x_wconf 82' lang='lat' dir='ltr'><strong>Sempronius</strong></span> 
     </span>
     <span class='ocr_line' id='line_1_17' title="bbox 406 1523 2151 1589; baseline 0.002 -18"><span class='ocrx_word' id='word_1_134' title='bbox 406 1526 573 1572; x_wconf 87' lang='lat' dir='ltr'><strong>consul</strong></span> <span class='ocrx_word' id='word_1_135' title='bbox 594 1524 866 1587; x_wconf 83' lang='lat' dir='ltr'><strong>desig-natus</strong></span> <span class='ocrx_word' id='word_1_136' title='bbox 883 1559 896 1583; x_wconf 95' lang='lat'><strong>,</strong></span> <span class='ocrx_word' id='word_1_137' title='bbox 925 1539 1077 1584; x_wconf 87' lang='lat' dir='ltr'><strong>quum</strong></span> <span class='ocrx_word' id='word_1_138' title='bbox 1093 1524 1302 1585; x_wconf 91' lang='lat' dir='ltr'><strong>primum</strong></span> <span class='ocrx_word' id='word_1_139' title='bbox 1324 1523 1650 1588; x_wconf 86' lang='lat' dir='ltr'><strong>magistratum</strong></span> <span class='ocrx_word' id='word_1_140' title='bbox 1672 1524 1855 1584; x_wconf 89' lang='lat' dir='ltr'><strong>inisset,</strong></span> <span class='ocrx_word' id='word_1_141' title='bbox 1889 1526 1952 1573; x_wconf 90' lang='lat' dir='ltr'><strong>ad</strong></span> <span class='ocrx_word' id='word_1_142' title='bbox 1984 1544 2151 1589; x_wconf 93' lang='lat' dir='ltr'><strong>popu-</strong></span> 
     </span>
     <span class='ocr_line' id='line_1_18' title="bbox 405 1603 982 1661; baseline -0.002 -12"><span class='ocrx_word' id='word_1_143' title='bbox 405 1605 506 1649; x_wconf 91' lang='lat' dir='ltr'><strong>lum</strong></span> <span class='ocrx_word' id='word_1_144' title='bbox 530 1603 703 1661; x_wconf 87' lang='lat' dir='ltr'><strong>ferret,</strong></span> <span class='ocrx_word' id='word_1_145' title='bbox 726 1610 807 1660; x_wconf 90' lang='lat' dir='ltr'><strong>ut,</strong></span> <span class='ocrx_word' id='word_1_146' title='bbox 824 1611 912 1661; x_wconf 72' lang='lat' dir='ltr'><strong>etc.</strong></span> <span class='ocrx_word' id='word_1_147' title='bbox 944 1621 982 1642; x_wconf 71' lang='lat'><strong>»‹</strong></span> 
     </span>
    </p>

    <p class='ocr_par' dir='ltr' id='par_1_7' title="bbox 403 1678 2152 1823">
     <span class='ocr_line' id='line_1_19' title="bbox 472 1678 2152 1741; baseline 0.001 -15"><span class='ocrx_word' id='word_1_148' title='bbox 472 1682 655 1727; x_wconf 84' lang='lat' dir='ltr'><strong>Forum.</strong></span> <span class='ocrx_word' id='word_1_149' title='bbox 682 1681 863 1726; x_wconf 89' lang='lat' dir='ltr'><strong>Forum</strong></span> <span class='ocrx_word' id='word_1_150' title='bbox 889 1679 1103 1738; x_wconf 79' lang='lat' dir='ltr'><strong>Caesaris,</strong></span> <span class='ocrx_word' id='word_1_151' title='bbox 1129 1679 1194 1725; x_wconf 89' lang='lat' dir='ltr'><strong>sic</strong></span> <span class='ocrx_word' id='word_1_152' title='bbox 1219 1679 1401 1725; x_wconf 88' lang='lat' dir='ltr'><strong>dictum</strong></span> <span class='ocrx_word' id='word_1_153' title='bbox 1424 1678 1484 1725; x_wconf 93' lang='lat' dir='ltr'><strong>de</strong></span> <span class='ocrx_word' id='word_1_154' title='bbox 1499 1679 1694 1725; x_wconf 87' lang='lat' dir='ltr'><strong>nomine</strong></span> <span class='ocrx_word' id='word_1_155' title='bbox 1721 1680 2000 1727; x_wconf 90' lang='lat' dir='ltr'><strong>conditoris.</strong></span> <span class='ocrx_word' id='word_1_156' title='bbox 2029 1681 2152 1741; x_wconf 92' lang='lat' dir='ltr'><strong>Dio,</strong></span> 
     </span>
     <span class='ocr_line' id='line_1_20' title="bbox 403 1763 2074 1823; baseline 0.003 -19"><span class='ocrx_word' id='word_1_157' title='bbox 403 1774 512 1818; x_wconf 75' lang='lat' dir='ltr'><strong>XLV,</strong></span> <span class='ocrx_word' id='word_1_158' title='bbox 526 1773 576 1819; x_wconf 87' lang='lat' dir='ltr'><strong>p.</strong></span> <span class='ocrx_word' id='word_1_159' title='bbox 605 1763 701 1813; x_wconf 77' lang='lat'><strong>224</strong></span> <span class='ocrx_word' id='word_1_160' title='bbox 731 1773 742 1802; x_wconf 69' lang='grc' dir='ltr'>ε</span> <span class='ocrx_word' id='word_1_161' title='bbox 758 1765 840 1812; x_wconf 79' lang='grc' dir='ltr'><strong>Τὴν</strong></span> <span class='ocrx_word' id='word_1_162' title='bbox 856 1763 933 1823; x_wconf 77' lang='grc' dir='ltr'><strong>γὰρ</strong></span> <span class='ocrx_word' id='word_1_163' title='bbox 951 1763 1098 1822; x_wconf 79' lang='grc' dir='ltr'>ἀγορὰν</span> <span class='ocrx_word' id='word_1_164' title='bbox 1120 1764 1192 1811; x_wconf 80' lang='grc' dir='ltr'><strong>τὴν</strong></span> <span class='ocrx_word' id='word_1_165' title='bbox 1219 1764 1292 1806; x_wconf 89' lang='grc' dir='ltr'><strong>ἀπ’</strong></span> <span class='ocrx_word' id='word_1_166' title='bbox 1309 1765 1432 1806; x_wconf 78' lang='grc' dir='ltr'>αὐτοῦ</span> <span class='ocrx_word' id='word_1_167' title='bbox 1451 1765 1697 1822; x_wconf 76' lang='grc' dir='ltr'><strong>κεκλῃμένην</strong></span> <span class='ocrx_word' id='word_1_168' title='bbox 1718 1766 2074 1813; x_wconf 75' lang='grc' dir='ltr'><strong>κατεσκευάσατο.</strong></span> 
     </span>
    </p>

    <p class='ocr_par' dir='ltr' id='par_1_8' title="bbox 468 1843 2114 1904">
     <span class='ocr_line' id='line_1_21' title="bbox 468 1843 2114 1904; baseline 0.001 -13"><span class='ocrx_word' id='word_1_169' title='bbox 468 1847 662 1891; x_wconf 79' lang='lat' dir='ltr'><strong>Millies.</strong></span> <span class='ocrx_word' id='word_1_170' title='bbox 687 1845 794 1891; x_wconf 88' lang='lat' dir='ltr'><strong>Scil.</strong></span> <span class='ocrx_word' id='word_1_171' title='bbox 824 1853 1021 1890; x_wconf 87' lang='lat' dir='ltr'><strong>centena</strong></span> <span class='ocrx_word' id='word_1_172' title='bbox 1044 1843 1216 1902; x_wconf 87' lang='lat' dir='ltr'><strong>millia,</strong></span> <span class='ocrx_word' id='word_1_173' title='bbox 1246 1852 1302 1888; x_wconf 91' lang='lat' dir='ltr'><strong>ut</strong></span> <span class='ocrx_word' id='word_1_174' title='bbox 1327 1859 1512 1904; x_wconf 89' lang='lat' dir='ltr'><strong>semper</strong></span> <span class='ocrx_word' id='word_1_175' title='bbox 1540 1844 1592 1888; x_wconf 86' lang='lat' dir='ltr'><strong>iu</strong></span> <span class='ocrx_word' id='word_1_176' title='bbox 1616 1845 1705 1890; x_wconf 88' lang='lat' dir='ltr'><strong>hac</strong></span> <span class='ocrx_word' id='word_1_177' title='bbox 1733 1844 1926 1890; x_wconf 83' lang='lat' dir='ltr'><strong>dicendi</strong></span> <span class='ocrx_word' id='word_1_178' title='bbox 1946 1845 2114 1893; x_wconf 86' lang='lat' dir='ltr'><strong>forma.</strong></span> 
     </span>
    </p>

    <p class='ocr_par' dir='ltr' id='par_1_9' title="bbox 462 1921 1943 1986">
     <span class='ocr_line' id='line_1_22' title="bbox 462 1921 1943 1986; baseline -0.001 -16"><span class='ocrx_word' id='word_1_179' title='bbox 462 1925 657 1970; x_wconf 73' lang='lat' dir='ltr'><strong>³Munns.</strong></span> <span class='ocrx_word' id='word_1_180' title='bbox 684 1923 792 1971; x_wconf 88' lang='lat' dir='ltr'><strong>Scil.</strong></span> <span class='ocrx_word' id='word_1_181' title='bbox 826 1921 1183 1986; x_wconf 84' lang='lat' dir='ltr'><strong>gladiatorium,</strong></span> <span class='ocrx_word' id='word_1_182' title='bbox 1208 1921 1346 1983; x_wconf 91' lang='lat' dir='ltr'><strong>quod</strong></span> <span class='ocrx_word' id='word_1_183' title='bbox 1364 1922 1526 1968; x_wconf 89' lang='lat' dir='ltr'><strong>Nostr.</strong></span> <span class='ocrx_word' id='word_1_184' title='bbox 1551 1921 1686 1967; x_wconf 83' lang='lat' dir='ltr'><strong>addit</strong></span> <span class='ocrx_word' id='word_1_185' title='bbox 1708 1938 1872 1983; x_wconf 90' lang='lat' dir='ltr'><strong>supra,</strong></span> <span class='ocrx_word' id='word_1_186' title='bbox 1898 1939 1943 1969; x_wconf 87' lang='lat' dir='ltr'><strong>x.</strong></span> 
     </span>
    </p>
   </div>
   <div class='ocr_carea' id='block_1_3' title="bbox 400 2009 2149 2377">
    <p class='ocr_par' dir='ltr' id='par_1_10' title="bbox 400 2009 2149 2213">
     <span class='ocr_line' id='line_1_23' title="bbox 469 2009 2148 2073; baseline 0.001 -16"><span class='ocrx_word' id='word_1_187' title='bbox 469 2013 813 2073; x_wconf 82' lang='lat' dir='ltr'><strong>Epulumque...</strong></span> <span class='ocrx_word' id='word_1_188' title='bbox 836 2026 986 2056; x_wconf 85' lang='lat' dir='ltr'><strong>nemo.</strong></span> <span class='ocrx_word' id='word_1_189' title='bbox 1012 2011 1070 2055; x_wconf 89' lang='lat' dir='ltr'><strong>In</strong></span> <span class='ocrx_word' id='word_1_190' title='bbox 1082 2009 1300 2056; x_wconf 87' lang='lat' dir='ltr'><strong>virorum</strong></span> <span class='ocrx_word' id='word_1_191' title='bbox 1320 2009 1596 2054; x_wconf 87' lang='lat' dir='ltr'><strong>memoriam</strong></span> <span class='ocrx_word' id='word_1_192' title='bbox 1613 2045 1626 2067; x_wconf 92' lang='lat'>‚</span> <span class='ocrx_word' id='word_1_193' title='bbox 1651 2011 1795 2070; x_wconf 92' lang='lat' dir='ltr'><strong>epulo</strong></span> <span class='ocrx_word' id='word_1_194' title='bbox 1820 2011 2018 2070; x_wconf 88' lang='lat' dir='ltr'><strong>publico</strong></span> <span class='ocrx_word' id='word_1_195' title='bbox 2041 2014 2148 2073; x_wconf 92' lang='lat' dir='ltr'><strong>ple-</strong></span> 
     </span>
     <span class='ocr_line' id='line_1_24' title="bbox 400 2087 2149 2151; baseline 0.001 -15"><span class='ocrx_word' id='word_1_196' title='bbox 400 2089 510 2136; x_wconf 89' lang='lat' dir='ltr'><strong>bem</strong></span> <span class='ocrx_word' id='word_1_197' title='bbox 533 2088 753 2151; x_wconf 81' lang='lat' dir='ltr'><strong>excipere</strong></span> <span class='ocrx_word' id='word_1_198' title='bbox 767 2090 931 2134; x_wconf 90' lang='lat' dir='ltr'><strong>Romae</strong></span> <span class='ocrx_word' id='word_1_199' title='bbox 961 2089 1170 2134; x_wconf 86' lang='lat' dir='ltr'><strong>solemne</strong></span> <span class='ocrx_word' id='word_1_200' title='bbox 1204 2096 1331 2144; x_wconf 88' lang='lat' dir='ltr'><strong>erat;</strong></span> <span class='ocrx_word' id='word_1_201' title='bbox 1359 2103 1610 2148; x_wconf 89' lang='lat' dir='ltr'><strong>nunquam</strong></span> <span class='ocrx_word' id='word_1_202' title='bbox 1636 2103 1754 2133; x_wconf 86' lang='lat' dir='ltr'><strong>vero</strong></span> <span class='ocrx_word' id='word_1_203' title='bbox 1786 2087 1838 2132; x_wconf 89' lang='lat' dir='ltr'><strong>in</strong></span> <span class='ocrx_word' id='word_1_204' title='bbox 1865 2088 2149 2137; x_wconf 83' lang='lat' dir='ltr'><strong>feminarum</strong></span> 
     </span>
     <span class='ocr_line' id='line_1_25' title="bbox 400 2167 1038 2213; baseline -0.002 -2"><span class='ocrx_word' id='word_1_205' title='bbox 400 2168 633 2213; x_wconf 88' lang='lat' dir='ltr'><strong>honorem</strong></span> <span class='ocrx_word' id='word_1_206' title='bbox 661 2175 769 2212; x_wconf 89' lang='lat' dir='ltr'><strong>ante</strong></span> <span class='ocrx_word' id='word_1_207' title='bbox 800 2167 1038 2212; x_wconf 77' lang='lat' dir='ltr'><strong>Caesarem.</strong></span> 
     </span>
    </p>

    <p class='ocr_par' dir='ltr' id='par_1_11' title="bbox 475 2242 1844 2303">
     <span class='ocr_line' id='line_1_26' title="bbox 475 2242 1844 2303; baseline -0.003 -11"><span class='ocrx_word' id='word_1_208' title='bbox 475 2246 720 2292; x_wconf 81' lang='lat' dir='ltr'><strong>Oblocata.</strong></span> <span class='ocrx_word' id='word_1_209' title='bbox 754 2246 898 2290; x_wconf 89' lang='lat' dir='ltr'><strong>Certo</strong></span> <span class='ocrx_word' id='word_1_210' title='bbox 919 2242 1102 2303; x_wconf 86' lang='lat' dir='ltr'><strong>pretio,</strong></span> <span class='ocrx_word' id='word_1_211' title='bbox 1132 2251 1187 2286; x_wconf 92' lang='lat' dir='ltr'><strong>ut</strong></span> <span class='ocrx_word' id='word_1_212' title='bbox 1213 2242 1294 2288; x_wconf 89' lang='lat' dir='ltr'><strong>illa</strong></span> <span class='ocrx_word' id='word_1_213' title='bbox 1322 2250 1574 2302; x_wconf 84' lang='lat' dir='ltr'><strong>pararent,</strong></span> <span class='ocrx_word' id='word_1_214' title='bbox 1606 2242 1844 2288; x_wconf 87' lang='lat' dir='ltr'><strong>mandata.</strong></span> 
     </span>
    </p>

    <p class='ocr_par' dir='ltr' id='par_1_12' title="bbox 467 2319 1912 2377">
     <span class='ocr_line' id='line_1_27' title="bbox 467 2319 1912 2377; baseline -0.001 -9"><span class='ocrx_word' id='word_1_215' title='bbox 467 2322 836 2368; x_wconf 80' lang='lat' dir='ltr'><strong>Domesticatim.</strong></span> <span class='ocrx_word' id='word_1_216' title='bbox 862 2323 953 2366; x_wconf 88' lang='lat' dir='ltr'><strong>Per</strong></span> <span class='ocrx_word' id='word_1_217' title='bbox 979 2319 1177 2377; x_wconf 87' lang='lat' dir='ltr'><strong>amicos,</strong></span> <span class='ocrx_word' id='word_1_218' title='bbox 1209 2319 1400 2365; x_wconf 88' lang='lat' dir='ltr'><strong>clientes</strong></span> <span class='ocrx_word' id='word_1_219' title='bbox 1430 2328 1478 2365; x_wconf 92' lang='lat' dir='ltr'><strong>et</strong></span> <span class='ocrx_word' id='word_1_220' title='bbox 1510 2319 1760 2365; x_wconf 88' lang='lat' dir='ltr'><strong>libertinos</strong></span> <span class='ocrx_word' id='word_1_221' title='bbox 1788 2336 1912 2366; x_wconf 91' lang='lat' dir='ltr'><strong>suos.</strong></span> 
     </span>
    </p>
   </div>
   <div class='ocr_carea' id='block_1_4' title="bbox 397 2407 2144 2624">
    <p class='ocr_par' dir='ltr' id='par_1_13' title="bbox 397 2407 2144 2624">
     <span class='ocr_line' id='line_1_28' title="bbox 470 2407 2143 2470; baseline -0.001 -14"><span class='ocrx_word' id='word_1_222' title='bbox 470 2410 657 2470; x_wconf 79' lang='lat' dir='ltr'><strong>Infestis</strong></span> <span class='ocrx_word' id='word_1_223' title='bbox 689 2410 1041 2470; x_wconf 78' lang='lat' dir='ltr'><strong>spectatoribus.</strong></span> <span class='ocrx_word' id='word_1_224' title='bbox 1075 2410 1134 2454; x_wconf 88' lang='lat' dir='ltr'><strong>H.</strong></span> <span class='ocrx_word' id='word_1_225' title='bbox 1167 2424 1207 2454; x_wconf 90' lang='lat' dir='ltr'><strong>e.</strong></span> <span class='ocrx_word' id='word_1_226' title='bbox 1245 2407 1343 2454; x_wconf 90' lang='lat' dir='ltr'><strong>sine</strong></span> <span class='ocrx_word' id='word_1_227' title='bbox 1376 2407 1690 2467; x_wconf 77' lang='lat' dir='ltr'><strong>spectantium</strong></span> <span class='ocrx_word' id='word_1_228' title='bbox 1722 2408 1887 2454; x_wconf 84' lang='lat' dir='ltr'><strong>favore</strong></span> <span class='ocrx_word' id='word_1_229' title='bbox 1919 2424 1931 2453; x_wconf 92' lang='lat'><strong>:</strong></span> <span class='ocrx_word' id='word_1_230' title='bbox 1963 2410 2143 2456; x_wconf 87' lang='lat' dir='ltr'><strong>horum</strong></span> 
     </span>
     <span class='ocr_line' id='line_1_29' title="bbox 399 2484 2143 2549; baseline -0.001 -15"><span class='ocrx_word' id='word_1_231' title='bbox 399 2488 525 2534; x_wconf 89' lang='lat' dir='ltr'><strong>enim</strong></span> <span class='ocrx_word' id='word_1_232' title='bbox 544 2487 679 2548; x_wconf 85' lang='lat' dir='ltr'><strong>jussu</strong></span> <span class='ocrx_word' id='word_1_233' title='bbox 701 2485 1009 2549; x_wconf 85' lang='lat' dir='ltr'><strong>gladiatores,</strong></span> <span class='ocrx_word' id='word_1_234' title='bbox 1032 2486 1071 2531; x_wconf 90' lang='lat' dir='ltr'><strong>si</strong></span> <span class='ocrx_word' id='word_1_235' title='bbox 1100 2485 1256 2531; x_wconf 90' lang='lat' dir='ltr'><strong>minus</strong></span> <span class='ocrx_word' id='word_1_236' title='bbox 1278 2484 1553 2546; x_wconf 87' lang='lat' dir='ltr'><strong>placebant,</strong></span> <span class='ocrx_word' id='word_1_237' title='bbox 1579 2484 1960 2531; x_wconf 87' lang='lat' dir='ltr'><strong>trucidabantur.</strong></span> <span class='ocrx_word' id='word_1_238' title='bbox 1987 2489 2016 2532; x_wconf 88' lang='lat' dir='ltr'>J</span> <span class='ocrx_word' id='word_1_239' title='bbox 2018 2488 2143 2533; x_wconf 90' lang='lat' dir='ltr'><strong>ube-</strong></span> 
     </span>
     <span class='ocr_line' id='line_1_30' title="bbox 397 2561 2144 2624; baseline -0.002 -12"><span class='ocrx_word' id='word_1_240' title='bbox 397 2567 514 2612; x_wconf 90' lang='lat' dir='ltr'><strong>bant</strong></span> <span class='ocrx_word' id='word_1_241' title='bbox 549 2566 642 2610; x_wconf 92' lang='lat' dir='ltr'><strong>hoc</strong></span> <span class='ocrx_word' id='word_1_242' title='bbox 685 2579 898 2608; x_wconf 73' lang='lat' dir='ltr'><strong>converso</strong></span> <span class='ocrx_word' id='word_1_243' title='bbox 925 2564 1102 2624; x_wconf 84' lang='lat' dir='ltr'><strong>pollice</strong></span> <span class='ocrx_word' id='word_1_244' title='bbox 1141 2580 1156 2606; x_wconf 87' lang='lat'><strong>.·</strong></span> <span class='ocrx_word' id='word_1_245' title='bbox 1201 2561 1377 2607; x_wconf 85' lang='lat' dir='ltr'><strong>favoris</strong></span> <span class='ocrx_word' id='word_1_246' title='bbox 1420 2570 1576 2606; x_wconf 91' lang='lat' dir='ltr'><strong>autem</strong></span> <span class='ocrx_word' id='word_1_247' title='bbox 1606 2562 1794 2624; x_wconf 80' lang='lat' dir='ltr'><strong>signum</strong></span> <span class='ocrx_word' id='word_1_248' title='bbox 1835 2571 1935 2608; x_wconf 90' lang='lat' dir='ltr'><strong>erat</strong></span> <span class='ocrx_word' id='word_1_249' title='bbox 1971 2566 2144 2624; x_wconf 78' lang='lat' dir='ltr'><strong>polle-z·</strong></span> 
     </span>
    </p>
   </div>
   <div class='ocr_carea' id='block_1_5' title="bbox 392 2658 2139 2780">
    <p class='ocr_par' dir='ltr' id='par_1_14' title="bbox 392 2658 2139 2780">
     <span class='ocr_line' id='line_1_31' title="bbox 392 2658 600 2704; baseline 0 -16"><span class='ocrx_word' id='word_1_250' title='bbox 392 2658 600 2704; x_wconf 86' lang='lat' dir='ltr'><strong>pressus.</strong></span> 
     </span>
     <span class='ocr_line' id='line_1_32' title="bbox 462 2715 2139 2780; baseline -0.001 -14"><span class='ocrx_word' id='word_1_251' title='bbox 462 2721 746 2780; x_wconf 84' lang='lat' dir='ltr'><strong>Rapiendos.</strong></span> <span class='ocrx_word' id='word_1_252' title='bbox 766 2720 824 2764; x_wconf 92' lang='lat' dir='ltr'><strong>H.</strong></span> <span class='ocrx_word' id='word_1_253' title='bbox 844 2734 884 2763; x_wconf 91' lang='lat' dir='ltr'><strong>e.</strong></span> <span class='ocrx_word' id='word_1_254' title='bbox 909 2716 1168 2762; x_wconf 85' lang='lat' dir='ltr'><strong>discrimini</strong></span> <span class='ocrx_word' id='word_1_255' title='bbox 1194 2715 1553 2774; x_wconf 87' lang='lat' dir='ltr'><strong>subducendos,</strong></span> <span class='ocrx_word' id='word_1_256' title='bbox 1579 2716 1675 2762; x_wconf 87' lang='lat' dir='ltr'><strong>scil.</strong></span> <span class='ocrx_word' id='word_1_257' title='bbox 1701 2726 1756 2761; x_wconf 87' lang='lat' dir='ltr'><strong>ut</strong></span> <span class='ocrx_word' id='word_1_258' title='bbox 1780 2732 1978 2775; x_wconf 90' lang='lat' dir='ltr'><strong>munus,</strong></span> <span class='ocrx_word' id='word_1_259' title='bbox 2000 2721 2139 2780; x_wconf 90' lang='lat' dir='ltr'><strong>quod</strong></span> 
     </span>
    </p>
   </div>
   <div class='ocr_carea' id='block_1_6' title="bbox 394 2793 2137 3322">
    <p class='ocr_par' dir='ltr' id='par_1_15' title="bbox 395 2793 1230 2858">
     <span class='ocr_line' id='line_1_33' title="bbox 395 2793 1230 2858; baseline -0.005 -15"><span class='ocrx_word' id='word_1_260' title='bbox 395 2798 597 2857; x_wconf 90' lang='lat' dir='ltr'><strong>parabat</strong></span> <span class='ocrx_word' id='word_1_261' title='bbox 609 2832 623 2855; x_wconf 92' lang='lat'><strong>,</strong></span> <span class='ocrx_word' id='word_1_262' title='bbox 653 2793 1029 2858; x_wconf 88' lang='lat' dir='ltr'><strong>magnificentius</strong></span> <span class='ocrx_word' id='word_1_263' title='bbox 1055 2794 1230 2840; x_wconf 88' lang='lat' dir='ltr'><strong>ederet.</strong></span> 
     </span>
    </p>

    <p class='ocr_par' dir='ltr' id='par_1_16' title="bbox 473 2870 1685 2934">
     <span class='ocr_line' id='line_1_34' title="bbox 473 2870 1685 2934; baseline -0.003 -14"><span class='ocrx_word' id='word_1_264' title='bbox 473 2875 684 2920; x_wconf 80' lang='lat' dir='ltr'><strong>Tirones.</strong></span> <span class='ocrx_word' id='word_1_265' title='bbox 714 2874 776 2919; x_wconf 89' lang='lat' dir='ltr'><strong>H.</strong></span> <span class='ocrx_word' id='word_1_266' title='bbox 809 2888 850 2917; x_wconf 88' lang='lat' dir='ltr'><strong>e.</strong></span> <span class='ocrx_word' id='word_1_267' title='bbox 878 2871 991 2917; x_wconf 89' lang='lat' dir='ltr'><strong>artis</strong></span> <span class='ocrx_word' id='word_1_268' title='bbox 1020 2870 1310 2934; x_wconf 78' lang='lat' dir='ltr'><strong>gladiatoriae</strong></span> <span class='ocrx_word' id='word_1_269' title='bbox 1339 2871 1495 2917; x_wconf 89' lang='lat' dir='ltr'><strong>adhuc</strong></span> <span class='ocrx_word' id='word_1_270' title='bbox 1527 2871 1685 2916; x_wconf 89' lang='lat' dir='ltr'><strong>rudes.</strong></span> 
     </span>
    </p>

    <p class='ocr_par' dir='ltr' id='par_1_17' title="bbox 463 2949 1947 3012">
     <span class='ocr_line' id='line_1_35' title="bbox 463 2949 1947 3012; baseline -0.003 -14"><span class='ocrx_word' id='word_1_271' title='bbox 463 2953 697 2998; x_wconf 77' lang='lat' dir='ltr'><strong>Lanistas.</strong></span> <span class='ocrx_word' id='word_1_272' title='bbox 727 2949 926 2996; x_wconf 87' lang='lat' dir='ltr'><strong>Lanistae</strong></span> <span class='ocrx_word' id='word_1_273' title='bbox 955 2949 1134 2995; x_wconf 90' lang='lat' dir='ltr'><strong>tirones</strong></span> <span class='ocrx_word' id='word_1_274' title='bbox 1167 2950 1405 2996; x_wconf 89' lang='lat' dir='ltr'><strong>docebant</strong></span> <span class='ocrx_word' id='word_1_275' title='bbox 1434 2958 1583 2995; x_wconf 80' lang='lat' dir='ltr'><strong>artem</strong></span> <span class='ocrx_word' id='word_1_276' title='bbox 1605 2949 1947 3012; x_wconf 80' lang='lat' dir='ltr'><strong>gladiatoriam.</strong></span> 
     </span>
    </p>

    <p class='ocr_par' dir='ltr' id='par_1_18' title="bbox 394 3026 2137 3322">
     <span class='ocr_line' id='line_1_36' title="bbox 465 3026 2131 3092; baseline -0.003 -17"><span class='ocrx_word' id='word_1_277' title='bbox 465 3030 664 3075; x_wconf 81' lang='lat' dir='ltr'><strong>Dictata.</strong></span> <span class='ocrx_word' id='word_1_278' title='bbox 695 3028 824 3076; x_wconf 89' lang='lat' dir='ltr'><strong>Artis</strong></span> <span class='ocrx_word' id='word_1_279' title='bbox 854 3027 1143 3092; x_wconf 80' lang='lat' dir='ltr'><strong>gladiatoriae</strong></span> <span class='ocrx_word' id='word_1_280' title='bbox 1173 3037 1434 3089; x_wconf 80' lang='lat' dir='ltr'><strong>praecepta,</strong></span> <span class='ocrx_word' id='word_1_281' title='bbox 1464 3043 1635 3088; x_wconf 89' lang='lat' dir='ltr'><strong>nempe</strong></span> <span class='ocrx_word' id='word_1_282' title='bbox 1670 3036 1726 3072; x_wconf 90' lang='lat' dir='ltr'><strong>ut</strong></span> <span class='ocrx_word' id='word_1_283' title='bbox 1757 3026 1949 3073; x_wconf 89' lang='lat' dir='ltr'><strong>exhibet</strong></span> <span class='ocrx_word' id='word_1_284' title='bbox 1984 3027 2029 3072; x_wconf 88' lang='lat' dir='ltr'><strong>H</strong></span> <span class='ocrx_word' id='word_1_285' title='bbox 2032 3026 2131 3085; x_wconf 87' lang='lat' dir='ltr'><strong>irt.‚</strong></span> 
     </span>
     <span class='ocr_line' id='line_1_37' title="bbox 394 3104 2137 3166; baseline -0.003 -14"><span class='ocrx_word' id='word_1_286' title='bbox 394 3109 455 3152; x_wconf 86' lang='lat' dir='ltr'><strong>de</strong></span> <span class='ocrx_word' id='word_1_287' title='bbox 477 3107 600 3151; x_wconf 84' lang='lat' dir='ltr'><strong>Bell.</strong></span> <span class='ocrx_word' id='word_1_288' title='bbox 632 3105 778 3165; x_wconf 83' lang='lat' dir='ltr'><strong>Afric.</strong></span> <span class='ocrx_word' id='word_1_289' title='bbox 793 3138 810 3160; x_wconf 89' lang='lat'>‚</span> <span class='ocrx_word' id='word_1_290' title='bbox 841 3121 896 3163; x_wconf 92' lang='lat'><strong>71</strong></span> <span class='ocrx_word' id='word_1_291' title='bbox 912 3140 926 3163; x_wconf 94' lang='lat'><strong>,</strong></span> <span class='ocrx_word' id='word_1_292' title='bbox 957 3108 982 3162; x_wconf 70' lang='grc'>5</span> <span class='ocrx_word' id='word_1_293' title='bbox 1008 3120 1035 3149; x_wconf 82' lang='lat'><strong>2</strong></span> <span class='ocrx_word' id='word_1_294' title='bbox 1066 3120 1077 3148; x_wconf 91' lang='lat'>:</span> <span class='ocrx_word' id='word_1_295' title='bbox 1107 3125 1127 3146; x_wconf 92' lang='lat'>«</span> <span class='ocrx_word' id='word_1_296' title='bbox 1165 3107 1276 3162; x_wconf 88' lang='lat' dir='ltr'><strong>Quo</strong></span> <span class='ocrx_word' id='word_1_297' title='bbox 1298 3106 1423 3166; x_wconf 88' lang='lat' dir='ltr'><strong>pede</strong></span> <span class='ocrx_word' id='word_1_298' title='bbox 1454 3122 1503 3151; x_wconf 89' lang='lat' dir='ltr'><strong>se</strong></span> <span class='ocrx_word' id='word_1_299' title='bbox 1525 3104 1794 3166; x_wconf 84' lang='lat' dir='ltr'><strong>reciperent</strong></span> <span class='ocrx_word' id='word_1_300' title='bbox 1823 3105 1883 3150; x_wconf 89' lang='lat' dir='ltr'><strong>ab</strong></span> <span class='ocrx_word' id='word_1_301' title='bbox 1905 3105 2066 3160; x_wconf 85' lang='lat' dir='ltr'><strong>hoste,</strong></span> <span class='ocrx_word' id='word_1_302' title='bbox 2090 3112 2137 3148; x_wconf 89' lang='lat' dir='ltr'><strong>et</strong></span> 
     </span>
     <span class='ocr_line' id='line_1_38' title="bbox 395 3179 2133 3245; baseline -0.003 -16"><span class='ocrx_word' id='word_1_303' title='bbox 395 3199 539 3245; x_wconf 91' lang='lat' dir='ltr'><strong>quem</strong></span> <span class='ocrx_word' id='word_1_304' title='bbox 562 3182 624 3229; x_wconf 92' lang='lat' dir='ltr'><strong>ad</strong></span> <span class='ocrx_word' id='word_1_305' title='bbox 645 3182 842 3229; x_wconf 87' lang='lat' dir='ltr'><strong>modum</strong></span> <span class='ocrx_word' id='word_1_306' title='bbox 874 3181 1063 3229; x_wconf 87' lang='lat' dir='ltr'><strong>obversi</strong></span> <span class='ocrx_word' id='word_1_307' title='bbox 1085 3182 1385 3242; x_wconf 86' lang='lat' dir='ltr'><strong>adversariis,</strong></span> <span class='ocrx_word' id='word_1_308' title='bbox 1417 3192 1463 3229; x_wconf 89' lang='lat' dir='ltr'><strong>et</strong></span> <span class='ocrx_word' id='word_1_309' title='bbox 1485 3182 1536 3227; x_wconf 91' lang='lat' dir='ltr'><strong>in</strong></span> <span class='ocrx_word' id='word_1_310' title='bbox 1560 3184 1794 3244; x_wconf 86' lang='lat' dir='ltr'><strong>quantulo</strong></span> <span class='ocrx_word' id='word_1_311' title='bbox 1825 3181 1979 3242; x_wconf 86' lang='lat' dir='ltr'><strong>spatio</strong></span> <span class='ocrx_word' id='word_1_312' title='bbox 2011 3179 2133 3225; x_wconf 90' lang='lat' dir='ltr'><strong>resi—</strong></span> 
     </span>
     <span class='ocr_line' id='line_1_39' title="bbox 394 3259 2132 3322; baseline -0.003 -16"><span class='ocrx_word' id='word_1_313' title='bbox 394 3269 593 3320; x_wconf 86' lang='lat' dir='ltr'><strong>sterent,</strong></span> <span class='ocrx_word' id='word_1_314' title='bbox 624 3260 771 3307; x_wconf 90' lang='lat' dir='ltr'><strong>modo</strong></span> <span class='ocrx_word' id='word_1_315' title='bbox 797 3268 1166 3322; x_wconf 86' lang='lat' dir='ltr'><strong>procurrerent,</strong></span> <span class='ocrx_word' id='word_1_316' title='bbox 1194 3260 1338 3306; x_wconf 88' lang='lat' dir='ltr'><strong>modo</strong></span> <span class='ocrx_word' id='word_1_317' title='bbox 1371 3260 1671 3316; x_wconf 78' lang='lat' dir='ltr'><strong>recederent,</strong></span> <span class='ocrx_word' id='word_1_318' title='bbox 1701 3259 2132 3305; x_wconf 84' lang='lat' dir='ltr'><strong>comminarentur—</strong></span> 
     </span>
    </p>
   </div>
   <div class='ocr_carea' id='block_1_7' title="bbox 2342 1281 2372 3652">
    <p class='ocr_par' dir='ltr' id='par_1_19' title="bbox 2342 1281 2372 3652">
     <span class='ocr_line' id='line_1_40' title="bbox 2342 1281 2372 3652; baseline 0 0"><span class='ocrx_word' id='word_1_319' title='bbox 2342 1281 2372 3652; x_wconf 95' lang='lat' dir='ltr'><strong> </strong></span> 
     </span>
    </p>
   </div>
  </div>
 </body>
</html>
