2372 3918
888 271 1303 319 munimus.
1903 272 1966 332 69

235 379 321 436 his
354 378 562 456 aliquot
607 374 949 447 consulares,
993 375 1275 431 interemit
1311 395 1324 429 :
1365 394 1431 430 ex
1477 375 1679 451 quibus
1714 376 1966 432 Civicum

235 477 504 537 Cerialem
540 478 595 535 in
628 478 747 556 ipso
777 476 916 533 Asiae
949 472 1377 552 proconsulatu3
1410 472 1784 531 Salvidienum
1818 475 1968 532 orfi-

237 592 390 652 tum,
430 577 671 637 Acilium
715 574 1171 635 Glabrionemin
1222 572 1451 643 exsilic,
1485 574 1642 651 quasi
1685 573 1968 631 molitores

234 700 502 736 novarum
533 697 719 734 rerum
746 698 758 732 τ
793 686 1006 732 ceteros
1037 673 1313 731 levissima
1344 694 1620 751 quemque
1653 673 1721 730 de
1752 694 1917 731 causa
1954 696 1967 730 :

231 778 435 837 AElium
463 780 741 849 Lamiam,
773 777 845 833 ob
870 777 1198 854 suspiciosos
1229 774 1452 854 quidem
1470 819 1486 846 ,
1515 796 1706 832 verum
1737 788 1795 831 et
1823 787 1970 831 vete-

232 901 323 943 res
351 893 408 950 et
438 879 691 936 innoxios
712 878 904 955 jocos;
937 875 1088 953 quod
1114 885 1239 954 post
1269 876 1567 933 abductam
1597 896 1823 932 uxorem
1850 873 1969 932 lau·

231 980 384 1037 danti
421 999 610 1037 vocem
638 998 792 1034 suam
825 973 1055 1036 εὖτακτῶ
1089 977 1331 1049 dicerat3
1356 976 1620 1054 quodque
1649 977 1804 1048 Tito,
1841 976 1969 1032 hor·

230 1081 368 1137 tanti
410 1100 474 1136 se
493 1078 563 1135 ad
592 1077 829 1135 alterum
863 1078 1308 1149 matrimonium,
1340 1076 1734 1155 responderat,
1771 1075 1855 1151 μὴ
1879 1083 1967 1133 καὶ

227 1178 294 1238 σύ
322 1178 573 1256 γαμῆσαι
607 1175 801 1252 θὲλειςς
832 1177 1078 1236 Salvium
1109 1179 1478 1236 Cocceianum
1497 1223 1511 1248 ,
1545 1178 1695 1255 quod
1728 1178 1969 1235 Othonis

229 1282 613 1360 imperatoriS,
656 1282 841 1359 patrui
892 1282 1009 1353 sui,
1057 1279 1205 1337 diem
1257 1278 1497 1336 natalem
1535 1278 1905 1336 celebraverat
1955 1299 1968 1333 :

229 1382 467 1439 Metium
508 1371 971 1460 pomposianum,
1002 1381 1153 1458 quod
1194 1381 1398 1437 habere
1426 1381 1836 1458 imperator-iam
1871 1400 1969 1459 ge-

231 1483 386 1540 nesin
437 1482 607 1562 vulgo
660 1483 962 1555 ferebatur,
1006 1495 1063 1540 et
1096 1481 1244 1560 quod
1274 1482 1555 1560 depictum
1590 1482 1781 1538 orbem
1813 1493 1973 1538 terrae

230 1584 286 1639 in
329 1583 680 1654 membrana,
728 1582 1137 1661 concionesque
1171 1604 1368 1661 regum
1403 1603 1467 1639 ac
1506 1582 1710 1639 ducum
1745 1603 1814 1638 ex
1840 1583 1970 1639 Tito

230 1684 391 1740 Livio
413 1684 829 1756 circumferret,
862 1684 1123 1761 quodque
1154 1685 1324 1740 servis
1358 1685 1582 1739 nomina
1622 1685 1881 1761 Magonis
1918 1696 1974 1738 et

229 1782 517 1841 Annibalis
562 1783 852 1840 indidisset
892 1806 905 1841 ε
945 1783 1266 1841 Sallustium
1306 1782 1640 1854 Lucullum,
1674 1784 1972 1840 Britanniae

227 1883 468 1970 legatum
487 1928 502 1955 ,
531 1885 682 1962 quod
713 1884 927 1942 lanceas
962 1906 1119 1942 novae
1149 1884 1340 1942 formae
1369 1884 1635 1963 appellari
1670 1884 1972 1942 Luculleas

216 2006 421 2063 >passus
452 1997 594 2043 esset
624 2003 643 2042 ε’
675 1989 705 2043 J
711 1987 903 2044 unium
935 1987 1257 2058 Rusticum,
1285 1986 1435 2063 quod
1466 1986 1600 2042 Paeti
1631 1987 1887 2060 Thraseae
1919 1998 1971 2042 et

229 2085 663 2144 HelvidiiPrisci
688 2086 882 2160 laudes
904 2087 1191 2152 edidisset,
1219 2086 1659 2166 appellassetque
1684 2108 1777 2144 eos
1805 2111 1832 2139 «
1851 2108 1972 2144 san-

226 2188 497 2244 ctissimos
531 2188 709 2254 viros;
741 2212 769 2241 »
804 2188 960 2266 cujus
992 2190 1239 2245 criminis
1284 2189 1571 2245 occasione
1606 2187 1968 2267 philosophos

228 2307 418 2344 omnes
456 2288 609 2345 Urbe
651 2287 921 2366 Italiaque
954 2290 1270 2346 summovit.
1318 2288 1540 2346 Occidit
1568 2301 1622 2345 et
1652 2288 1969 2362 Helvidium

230 2387 433 2462 filium,
459 2390 614 2466 quasi
639 2389 857 2447 scenico
882 2390 1077 2447 exodio
1104 2390 1206 2446 sub
1224 2409 1463 2468 persona
1480 2388 1692 2446 Paridis
1709 2403 1764 2445 et
1783 2392 1972 2447 OEno-

229 2509 325 2545 nes
358 2488 658 2547 divortium
692 2511 856 2547 suum
894 2511 1021 2548 cum
1053 2511 1227 2547 uxore
1257 2502 1495 2548 taxasset
1535 2511 1548 2547 τ
1578 2489 1833 2547 Flavium
1872 2494 1961 2546 Sa-

228 2590 458 2662 binum,
502 2589 741 2648 alterum
783 2611 814 2648 e
858 2590 1229 2669 patrueli-buS,
1262 2591 1414 2668 quod
1444 2611 1573 2648 eum
1608 2592 1963 2648 comitiorum

228 2689 602 2748 consularium
635 2691 724 2748 die
759 2690 1126 2766 destinatum,
1159 2713 1453 2771 perperam
1487 2713 1668 2770 praeco
1702 2712 1973 2766 nonpcon·

227 2790 404 2848 salem
430 2790 501 2848 ad
529 2791 825 2871 populum,
853 2792 949 2851 sed
973 2794 1361 2873 imperatorem
1388 2794 1824 2872 pronunciasset.
1855 2796 1971 2851 Ve-

228 2912 354 2947 rum
406 2891 692 2970 aliquanto
730 2904 855 2971 post
891 2893 1065 2951 civilis
1106 2891 1235 2950 belli
1282 2894 1571 2951 victoriam
1604 2895 1816 2966 saevior,
1853 2892 1971 2972 ple-

228 3012 429 3069 rosque
456 2994 630 3071 partis
666 2993 935 3068 adversae,
967 2994 1102 3051 dum
1137 2995 1305 3051 etiam
1334 2993 1567 3052 latentes
1595 2996 1845 3053 conscios
1879 2997 1967 3051 in·

228 3094 495 3172 vestigat,
526 3115 673 3151 novo
702 3095 1019 3172 quaestionis
1047 3116 1247 3175 genere
1280 3094 1560 3165 distorsit,
1592 3096 1839 3152 immisso
1869 3115 1967 3172 per

229 3193 486 3252 obscoena
515 3196 642 3274 igne
671 3218 683 3252 ε
721 3195 1003 3253 nonnullis
1042 3210 1098 3255 et
1126 3218 1320 3254 manus
1354 3198 1675 3275 amputavit.
1711 3197 1966 3273 Satisque

230 3306 481 3369 constat,
518 3296 657 3353 duos
694 3296 839 3354 solos
884 3318 914 3354 e
959 3300 1267 3356 notioribus
1300 3300 1455 3355 venia
1493 3297 1755 3371 (lonatOS,
1791 3297 1972 3355 tribu·
