2372 3918
352 292 381 334 8
1034 285 1083 329 C.
1116 282 1407 329 SUETONII

353 406 574 473 patrum
610 392 1080 447 submoverentur.
1122 389 1200 443 Ac
1236 385 1410 441 nihilo
1449 385 1630 441 minus
1664 404 1979 461 permanere
2019 387 2072 441 in

353 494 671 570 magistratu
693 534 708 563 ,
752 502 808 546 et
841 489 930 565 jus
969 485 1148 542 dicere
1188 507 1382 557 ausuS,
1418 496 1480 540 ut
1522 485 1787 561 comperit
1827 497 2073 559 paratoS,

353 594 448 670 qui
495 593 549 648 vi
596 613 660 648 ac
709 611 808 669 per
850 608 1001 644 arma
1041 586 1432 664 prohiberent,
1478 584 1708 641 dimissis
1757 582 2072 656 lictoribuS,

354 693 669 770 abjectaque
708 699 995 769 praetexta,
1036 685 1264 742 domum
1300 683 1440 741 clam
1482 685 1715 762 refugit,
1750 706 1852 762 pro
1892 684 2076 739 condi-

355 794 503 850 tione
535 804 844 867 temporum
876 787 1180 864 quie-turus,
1210 781 1630 861 Multitudinem
1662 805 1879 861 quoque
1906 782 2075 839 biduo

354 903 480 969 post
525 902 719 967 sponte
764 899 820 943 et
858 886 1006 942 ultro
1047 883 1414 941 confluentem
1434 926 1450 953 ,
1495 904 1827 961 operamque
1869 883 1972 940 sibi
2018 882 2074 938 in

356 988 640 1047 asserenda
680 986 944 1066 dignitate
983 984 1374 1044 tumultuosius
1414 982 1760 1062 pollicentem
1779 1026 1795 1056 ,
1832 1003 2075 1060 compes-

355 1091 485 1146 cuit.
515 1088 685 1163 Quod
714 1108 885 1165 quum
921 1098 1117 1164 praeter
1147 1085 1465 1162 opinionem
1494 1064 1791 1157 evenisset,
1825 1095 2075 1153 senatuS,

356 1190 427 1245 ob
462 1188 695 1245 eundem
727 1200 927 1244 coetum
956 1187 1208 1243 festinato
1240 1197 1487 1258 coactuS,
1518 1185 1718 1262 gratias
1748 1185 1798 1240 ei
1834 1205 1931 1261 per
1960 1184 2073 1261 pri-

357 1310 534 1346 mores
559 1290 706 1344 viros
734 1288 846 1365 egit
877 1309 890 1343 ε
921 1287 1352 1363 accitumque-in
1381 1286 1620 1357 curiam,
1649 1297 1702 1340 et
1730 1283 2075 1361 amplissimis

359 1389 537 1444 verbis
558 1387 955 1457 collaudatum,
978 1387 1034 1443 in
1059 1388 1336 1464 integrum
1355 1386 1618 1456 restituit,
1644 1385 1871 1440 inducto
1894 1385 2077 1461 priore

357 1485 589 1545 decreto,

436 1591 613 1646 XVII.
659 1589 880 1646 Recidit
906 1611 1096 1646 rursus
1127 1591 1184 1647 in
1214 1589 1503 1645 discrimen
1531 1588 1706 1660 aliud,
1737 1588 1882 1642 inter
1906 1586 2077 1641 socios

359 1688 606 1745 Catilinae
641 1691 986 1762 nominatUS,
1023 1703 1077 1745 et
1110 1690 1258 1768 apud
1287 1691 1527 1748 Novium
1568 1691 1807 1767 Nigrum
1847 1698 2077 1763 quaesto-

361 1810 475 1846 rem
505 1810 537 1844 a
567 1791 633 1845 L.
665 1792 851 1847 Vettio
882 1790 1098 1868 judice,
1133 1804 1188 1847 et
1223 1792 1280 1847 in
1317 1780 1507 1847 senatu
1544 1812 1574 1846 a
1603 1791 1675 1862 Q.
1708 1789 1879 1846 Curio
1911 1809 1923 1843 :
1955 1788 2077 1858 cui,

359 1889 507 1965 quod
529 1890 740 1967 primus
762 1891 987 1947 consilia
1014 1892 1428 1969 conjuratorum
1457 1891 1758 1960 detexerat,
1781 1890 2077 1945 constituta

359 2001 517 2044 erant
551 1989 769 2067 publice
807 1992 1045 2069 praemia.
1084 1993 1287 2048 Curius
1324 2013 1353 2047 e
1389 1991 1629 2047 Catilina
1667 2011 1723 2046 se
1762 1989 2079 2067 cognovisse

360 2086 574 2146 dicebat
619 2111 632 2146 :
680 2093 898 2149 Vettius
947 2094 1111 2148 etiam
1158 2092 1587 2171 chirographum
1637 2093 1785 2169 ejuS,
1834 2090 2081 2149 Catilinae

360 2188 581 2263 datum,
618 2190 994 2269 poll-icebatur.
1037 2192 1105 2249 Id
1147 2214 1278 2249 vero
1318 2195 1500 2250 Caesar
1541 2192 1694 2248 nullo
1738 2191 1903 2248 modo
1946 2190 2082 2247 tole-

359 2289 596 2346 randum
620 2292 959 2364 existimans,
991 2313 1187 2369 quum,
1211 2293 1507 2371 implorato
1531 2292 1812 2349 Ciceronis
1843 2292 2080 2348 testimo-

359 2391 485 2460 nio,
519 2391 767 2467 quaedam
797 2414 853 2449 se
884 2393 951 2450 de
981 2395 1360 2472 conjuratione
1393 2394 1546 2450 ultro.
1567 2393 1636 2449 ad
1665 2414 1790 2449 eum
1826 2392 2080 2448 detulisse

361 2489 660 2564 docuisset,
691 2514 760 2548 ne
786 2495 967 2549 Curio·
986 2496 1211 2573 praemia
1239 2494 1526 2566 darentur,
1555 2494 1770 2550 effecit:
1799 2494 2047 2550 Vettium
2065 2537 2080 2564 ,

361 2590 681 2667 pignoribus
718 2593 923 2670 captiS,
963 2607 1018 2650 et
1068 2594 1283 2672 direpta
1327 2592 1659 2670 supellectile
1703 2593 1844 2649 male
1877 2592 2081 2648 mulca-

362 2702 511 2763 tum,
562 2712 626 2748 ac
677 2714 780 2770 pro
838 2695 1029 2751 rostris
1080 2695 1138 2750 in
1198 2695 1460 2751 concione
1512 2714 1664 2771 paene
1719 2693 2081 2771 discerptum,

361 2792 590 2868 conjecit
620 2793 678 2848 in
707 2815 978 2851 carcerem
1018 2817 1031 2850 ε
1062 2795 1254 2852 eodem
1278 2796 1523 2853 Novium
1553 2806 1903 2871 quaestorem,
1934 2788 2083 2869 quod

359 2890 678 2968 compellari
705 2893 854 2972 apud
880 2914 936 2951 se
960 2896 1218 2972 majorem
1247 2906 1573 2974 potestatem
1597 2914 1784 2971 passus
1812 2906 1962 2950 esset.

437 2994 645 3048 XVIII.
688 2996 771 3054 Ex
818 3006 1057 3070 praetura
1102 2978 1419 3052 ulteriorem
1461 2995 1684 3050 sortitus
1726 2994 2081 3072 Hispaniam,

360 3093 652 3149 retinentes
683 3094 981 3152 creditores
1011 3096 1322 3151 interventu
1351 3115 1676 3172 sponsorum
1710 3094 1945 3151 removit
1974 3113 1988 3147 ε
2020 3110 2082 3147 ac

361 3213 536 3268 neque
568 3215 720 3250 more
737 3238 752 3268 ,
788 3217 964 3273 neque
993 3196 1148 3272 jure,
1181 3207 1471 3271 antequam
1500 3194 1794 3272 provinciae
1823 3212 2082 3248 ornaren-

362 3304 482 3363 tur,
530 3294 809 3371 profectus
858 3308 938 3351 est
985 3317 996 3350 :
1041 3296 1345 3368 incertum,
1395 3306 1616 3351 metune
1658 3292 1884 3370 judicii,
1933 3290 2081 3368 quod
