2372 3918
390 263 449 309 36
1051 264 1100 308 C.
1138 264 1421 317 SUETONII

387 386 524 424 auro
556 366 737 446 politis
766 368 928 423 armis
960 381 1206 441 ornaret,
1236 368 1395 424 simul
1426 380 1479 423 et
1506 367 1574 423 ad
1601 367 1860 444 speciem,
1890 378 1943 420 et
1971 386 2079 441 quo

387 466 685 522 tenaciores
719 487 909 523 eorum
947 469 1002 523 in
1040 468 1228 544 proelio
1261 480 1439 523 essent
1470 479 1619 522 metu
1649 465 1846 520 damni.
1878 463 2081 539 Dilige-

386 564 480 620 bat
509 585 726 642 quoque
757 587 928 642 usque
958 566 1120 635 adeo,
1154 579 1216 622 ut
1246 567 1430 622 audita
1462 565 1611 622 clade
1641 566 1922 621 Tituriana
1959 563 2081 617 bar-

385 662 512 718 bam
539 663 902 742 capillumque
929 665 1259 736 submiserit3
1293 685 1392 719 nec
1422 677 1546 720 ante
1569 664 1888 741 dempserit,
1920 682 2081 737 quam

386 762 726 819 vindicasset.
757 763 973 835 Quibus
1003 763 1163 818 rebus
1189 774 1243 817 et
1270 762 1641 820 devotissimos
1669 763 1769 818 sibi
1786 804 1800 832 ,
1831 773 1883 817 et
1905 760 2082 815 fortis-

384 860 546 918 simos
574 861 823 917 reddidit.

467 962 719 1017 LXVIII.
761 964 1010 1037 Ingresso
1038 961 1194 1017 civile
1219 961 1423 1018 bellum
1449 962 1788 1017 centuriones
1820 962 2083 1036 cujusque

387 1057 612 1135 legionis
660 1058 900 1136 singulos
942 1061 1147 1136 equites
1192 1082 1222 1116 e
1263 1061 1458 1116 viatico
1500 1081 1598 1116 suo
1642 1058 1990 1126 obtulerunt3
2031 1071 2084 1112 et

388 1158 626 1213 universi
656 1158 850 1214 milites
872 1160 1164 1236 gratuitam
1190 1172 1244 1216 et
1271 1162 1384 1216 sine
1410 1160 1682 1215 frumento
1711 1158 2084 1234 stipendioque

388 1275 639 1332 operam,
684 1278 854 1333 quum
894 1260 1203 1315 tenuiorum
1247 1257 1472 1315 tutelam
1512 1257 1887 1334 locupletiores
1930 1258 1985 1311 in
2030 1277 2084 1311 sc

333 1395 339 1401 .
389 1355 758 1411 contulissent.
804 1358 995 1433 Neque
1033 1358 1090 1412 in
1130 1369 1242 1413 tam
1285 1357 1546 1413 diuturno
1588 1357 1760 1432 spatio
1797 1357 2081 1431 quisquam

388 1455 612 1509 omnino
641 1454 862 1510 descivit
887 1477 899 1510 :
930 1455 1174 1532 plerique
1201 1458 1344 1533 capti
1373 1475 1678 1515 concessam
1706 1455 1807 1510 sibi
1835 1455 1936 1509 sub
1960 1475 2086 1510 con-

390 1551 592 1608 ditione
623 1554 820 1624 vitam,
854 1555 897 1610 si
936 1554 1165 1611 militare
1201 1556 1458 1612 adversus
1501 1573 1626 1610 eum
1663 1551 1892 1626 vellent,
1932 1574 2086 1609 recu-

390 1665 594 1708 sarunt.
617 1657 836 1709 Famem
857 1667 910 1710 et
932 1667 1134 1711 ceteras
1157 1656 1523 1725 necessitateS,
1540 1672 1652 1707 non
1678 1672 1848 1727 quum
1874 1653 2087 1711 obside-

388 1763 581 1807 rentur
610 1754 802 1826 modO,
837 1756 929 1812 sed
959 1769 1011 1811 et
1049 1757 1093 1811 si
1130 1754 1263 1811 alios
1302 1755 1406 1833 ipsi
1437 1756 1774 1827 obsiderent,
1806 1766 2086 1830 tantopere

387 1849 722 1927 tolerabant,
769 1869 828 1911 ut
875 1856 1212 1932 Dyrrachina
1262 1855 1563 1910 munitione
1608 1855 1933 1932 PompeiuS,
1970 1854 2085 1918 viso

388 1969 582 2024 genere
621 1956 776 2030 panis
817 1977 877 2011 ex
921 1955 1120 2025 herba,
1163 1976 1274 2031 quo
1315 1956 1751 2027 sustinebantur,
1793 1973 1916 2010 cum
1940 1952 2086 2026 seris

386 2049 624 2107 sibi-rem
654 2074 798 2123 esse,
832 2054 1058 2124 dixerit,
1095 2055 1441 2130 amoverique
1477 2055 1655 2125 ociuS,
1692 2071 1792 2108 nec
1826 2052 2082 2127 cuiquam

388 2150 599 2205 ostendi
622 2152 841 2227 jusserit
859 2197 873 2226 ,
896 2163 974 2209 'ne
1007 2154 1265 2232 patientia
1302 2165 1355 2209 et
1391 2152 1688 2231 pertinacia
1719 2151 1889 2206 hostis
1910 2151 2081 2205 *animi

388 2267 611 2304 suorum
663 2248 1059 2328 frangerentur.
1114 2255 1336 2326 Quanta
1384 2250 1700 2308 fortitudine
1747 2249 2077 2312 dimicarint,

388 2349 693 2405 testimonio
731 2364 842 2409 est.
878 2351 1020 2428 quod
1039 2395 1053 2420 ,
1085 2352 1309 2407 adverso
1341 2348 1501 2405 semel
1535 2347 1683 2425 apud
1718 2348 2083 2424 Dyrrachium

388 2446 610 2522 proelio,
643 2469 858 2523 poenam
890 2452 944 2504 in
988 2472 1043 2505 se
1085 2449 1227 2505 ultro
1269 2449 1700 2526 depoposcerunt
1741 2468 1754 2501 :
1793 2459 1855 2501 ut
1893 2467 2081 2501 conso-

386 2542 575 2601 landos
614 2568 705 2601 eos
743 2549 911 2623 magis
947 2550 1239 2625 imperator
1267 2567 1429 2622 quam
1459 2543 1785 2622 puniendos,
1814 2544 2079 2600 habuerit.

386 2644 590 2699 Ceteris
624 2645 824 2720 proeliis
856 2649 1164 2702 innumeras
1196 2646 1628 2701 adversariorum
1656 2646 1868 2720 copias,
1898 2642 2082 2697 multis

385 2743 629 2816 partibus
662 2745 761 2819 ipsi
792 2746 1102 2820 pauciores,
1135 2744 1290 2799 facile
1321 2755 1661 2819 superarunt.
1695 2736 1945 2817 Denique
1974 2763 2082 2796 una

385 2852 544 2895 sextae
570 2839 795 2917 legionis
824 2843 1053 2914 cohors,
1068 2844 1356 2919 praeposita
1385 2840 1630 2910 casteIIO,
1661 2853 1896 2916 quatuor
1923 2845 2080 2896 Pom-

385 2939 485 3013 peii
531 2938 766 3015 legiones
807 2962 903 3016 per
946 2939 1154 3016 aliquot
1197 2942 1358 2997 horas
1396 2941 1679 3008 sustinuit,
1718 2960 1869 3015 paene
1905 2940 2078 2995 omnis

383 3037 592 3093 confixa
624 3038 972 3094 multitudine
1000 3039 1279 3095 hostilium
1311 3042 1659 3115 sagittarum,
1691 3058 1919 3115 quarum
1949 3057 2077 3092 cen-

385 3146 502 3190 tum
538 3157 600 3192 ac
641 3138 864 3214 triginta
897 3137 1063 3192 millia
1099 3138 1243 3192 intra
1282 3135 1486 3193 vallum
1527 3151 1742 3214 reperta
1778 3147 1919 3191 sunt.
1964 3136 2078 3192 Nec

387 3234 617 3307 mirum,
656 3237 700 3291 si
738 3238 856 3312 quis
895 3234 1232 3312 singulorum
1276 3236 1412 3291 facta
1455 3237 1731 3312 respiciat,
1779 3233 1862 3289 vel
1907 3232 2079 3288 Cassii

2359 1222 2372 1358 'ML-...5
2360 1065 2372 1210 ...unas-*⁴2-
