2372 3918
893 246 957 291 IN
995 244 1345 290 CLAUDIUM.
1885 244 1978 290 263

335 345 441 390 Cn.
465 345 640 390 XXIV.
676 342 965 386 Ducenan‘is.
1002 342 1040 385 1.
1076 355 1116 384 e.
1144 316 1354 398 quorum
1381 337 1668 397 stipendium
1702 349 1854 385 essent
1886 342 1978 383 du..

268 436 391 466 cena
415 420 638 466 sestertia.
673 417 793 474 Dio,
818 432 935 473 un,
958 431 1005 475 p-
1038 414 1128 460 506
1157 430 1168 458 :
1195 420 1314 462 αΚαὶ
1341 422 1421 468 τοῖς
1445 421 1670 476 introduci<
1694 422 1776 463 ἀπὸ
1802 427 1871 464 τοῦ
1899 423 1981 479 ἀρι-

269 509 366 562 θμοῦ
391 510 469 546 τῶν
494 499 716 561 διδομένων
744 501 875 549 αὐτοῖς
903 500 1118 557 χρημάτων
1146 498 1434 554 προςγίγνιται.

332 584 589 628 Provincia.
613 584 723 640 Quo
746 579 931 625 mittere
947 587 1203 640 quaestores
1223 579 1465 638 Augustus
1488 577 1678 633 solitus,
1696 586 1811 623 teste
1824 579 1982 635 Dion.,

273 675 345 717 ιν,
372 674 419 721 p.
458 657 567 705 551.

332 735 534 781 Saturni.
563 733 633 779 cf.
659 734 781 794 Aug.
795 766 811 788 ‚
834 746 1000 776 xxxvi.

337 825 489 870 Dedit.
516 822 690 879 Tacit.,
715 811 910 878 Annal..
939 834 1019 866 ιιι
1036 855 1050 879 ,
1085 820 1110 866 3
1139 836 1150 865 :
1177 841 1196 860 u
1227 822 1279 866 L.
1306 820 1467 866 Silano
1490 821 1807 881 desponderat
1839 822 1984 866 Octa-

267 900 388 945 viam
417 899 583 956 Caesar,
603 897 921 957 juvenemque
945 904 992 942 et
1014 895 1103 941 alia
1127 896 1304 941 clarum
1320 930 1333 953 ,
1365 895 1535 959 insigni
1560 896 1912 957 triumphalium
1935 905 1983 943 et

267 974 531 1037 gladiatorii
555 973 758 1019 muneris
781 971 1149 1033 magnificentia,
1178 974 1443 1032 protulerat
1466 973 1526 1019 ad
1549 973 1706 1019 studia
1725 971 1869 1035 vulgi.
1898 993 1918 1013 υ

331 1052 531 1096 Plautio.
555 1053 625 1095 De
647 1051 738 1095 hoc
759 1049 906 1094 Tacit.
920 1083 934 1106 ‚
958 1054 1070 1110 Agr.
1086 1082 1101 1107 ,
1125 1064 1208 1094 xxv
1245 1065 1255 1093 :
1282 1067 1306 1090 α
1321 1049 1646 1095 Consularium
1682 1050 1860 1110 primus
1883 1055 1980 1096 Au-

267 1129 335 1173 lus
357 1127 564 1173 Plautius
595 1126 841 1172 Britanniae
870 1126 1175 1185 praepositus,
1198 1133 1243 1170 et
1267 1123 1524 1172 consularis
1558 1128 1750 1188 legatus.
1780 1147 1799 1167 υ

338 1203 481 1247 Texit.
506 1203 564 1248 H.
594 1218 634 1247 e.
661 1202 720 1247 ad
749 1200 980 1247 sinistram
1016 1202 1117 1247 fuit.

337 1291 546 1336 Chaucis.
572 1290 756 1336 Tacitus
783 1298 943 1335 contra
959 1324 972 1347 ‚
1007 1293 1207 1345 Annal.‚
1231 1307 1306 1348 xx,
1347 1293 1430 1348 18,
1456 1300 1502 1336 et
1528 1291 1645 1348 Dio,
1671 1306 1728 1335 Lx
1744 1325 1757 1347 ,
1787 1307 1832 1351 p.
1865 1291 1959 1338 685
1977 1331 1988 1346 ,

268 1384 293 1413 a
318 1369 590 1415 Corbulone
617 1368 755 1413 fuisse
778 1367 988 1413 devictos
1012 1370 1224 1414 Chaucos
1251 1377 1457 1414 narrant.

336 1457 443 1500 Cu.
477 1457 630 1500 XXV.
656 1456 871 1500 Miletius.
902 1455 975 1500 Sc.
1005 1455 1179 1500 militiae
1209 1456 1383 1516 gradus
1402 1490 1413 1512 ‚
1439 1455 1524 1515 qui
1559 1456 1781 1515 equestris
1812 1457 1986 1500 ordinis

270 1531 535 1578 hominibus
562 1532 812 1577 dabantur.
1928 1524 1931 1525 ⁷

336 1610 588 1669 Stipendia.
616 1610 794 1669 Nempe
827 1608 1108 1669 imaginaria
1138 1626 1153 1653 .·
1191 1608 1277 1671 qui
1308 1609 1591 1668 imaginaria
1627 1607 1862 1666 stipendia
1898 1624 1985 1668 per

271 1695 423 1732 certos
456 1701 604 1731 annos
634 1680 1015 1742 meruerant,'iis
1051 1684 1142 1730 hoc
1174 1684 1511 1745 imputabatur,
1546 1693 1770 1744 tanquam
1814 1684 1984 1744 justam

268 1763 476 1808 militiam
498 1744 584 1822 per
607 1762 731 1807 idem
756 1770 939 1822 tempus
970 1761 1199 1807 fecissent.

332 1842 555 1900 Ingratos.
581 1841 729 1884 Intell.
756 1839 955 1884 libertos.
982 1839 1149 1896 Paull„
1177 1839 1361 1900 Digest.
1380 1873 1392 1895 ,
1419 1853 1587 1882 xxxvn
1608 1874 1621 1895 ,
1653 1845 1706 1892 Η,
1740 1856 1750 1884 :
1778 1860 1796 1879 «
1817 1841 1986 1899 Ingra-

268 1927 339 1960 tus
361 1916 555 1961 libertus
577 1924 674 1971 est,
698 1914 783 1975 qui
806 1923 1010 1976 patrono
1036 1914 1342 1975 obsequium,
1366 1915 1439 1959 vel
1465 1929 1539 1959 res
1563 1914 1685 1973 ejus,
1717 1914 1983 1960 filiorumve

266 1993 457 2036 tutelam
480 1991 804 2037 administrare
834 1991 1073 2036 detrectat.
1105 2010 1122 2030 υ

330 2069 605 2128 AEsculapii.
634 2068 705 2114 Cf.
730 2069 862 2125 va.,
893 2084 960 2125 11,
994 2066 1021 2113 5
1040 2102 1053 2126 ,
1077 2076 1124 2114 et
1147 2069 1317 2125 Ovum,
1342 2069 1537 2112 Metam.
1555 2102 1569 2121 ,
1595 2083 1653 2110 xv
1669 2102 1680 2124 ,
1715 2068 1822 2127 739-

337 2156 661 2199 Transtulerat.
684 2155 820 2199 Teste
843 2154 1018 2211 Tacito,
1045 2157 1214 2198 Annal.
1230 2188 1244 2208 ,
1270 2170 1287 2198 1
1303 2188 1316 2211 ,
1351 2153 1428 2211 76.

332 2243 563 2287 Reddidit.
586 2241 642 2286 Id
672 2251 831 2286 narrat
855 2240 975 2299 Dio,
1001 2257 1087 2300 Lx,
1118 2258 1165 2302 p.
1193 2242 1302 2287 680.

333 2318 508 2377 Lyct'iS.
538 2317 657 2376 Diu,
681 2317 824 2374 ibid,
848 2334 896 2378 p.
921 2318 1015 2375 676
1043 2333 1054 2361 t
1079 2337 1098 2358 α
1121 2315 1157 2365 ὁ
1182 2321 1406 2376 Κλαύδιος,
1438 2327 1669 2374 ὑπατεύσας
1694 2322 1801 2373 αὖθις
1828 2329 1872 2367 τὸ
1905 2343 1985 2382 τρι-

267 2419 350 2453 τον,
386 2402 474 2450 τοὺς
507 2403 674 2450 Λυκίους
714 2402 1040 2452 στασιάσαντας,
1075 2402 1180 2443 ὥστε
1218 2401 1289 2444 καὶ
1326 2397 1532 2458 Ῥωμαίους
1571 2402 1684 2452 τινὰς
1723 2403 1986 2453 ἀποκτεῖναι,

269 2474 525 2519 &auzona-:6
555 2494 620 2528 τε,
644 2476 711 2520 καὶ
743 2479 779 2526 ἐς
799 2479 865 2519 τὸν
890 2483 959 2525 τῆς
981 2478 1219 2534 Παμφυλίας
1250 2478 1367 2534 νομὸν
1401 2477 1630 2535 ἰσέγραψεν.

334 2559 632 2603 Delictorum.
668 2559 724 2604 H.
753 2574 789 2603 e.
826 2566 1026 2617 propter
1057 2557 1179 2605 eines
1207 2557 1440 2618 quosdam
1476 2573 1694 2603 romanos
1720 2558 1766 2602 in
1802 2572 1985 2602 crucem

268 2636 423 2689 actos,
458 2634 514 2677 A.
540 2634 598 2678 U.
630 2649 737 2693 797.

331 2711 528 2755 Seleuco.
556 2711 627 2756 Sc.
656 2712 864 2756 Secundo
887 2727 969 2757 seu
999 2712 1237 2756 Callinico.

335 2786 539 2831 Chresto·
564 2789 634 2832 De
650 2802 747 2848 quo
772 2803 966 2850 magnus
989 2788 1111 2834 inter
1134 2789 1299 2834 doctos
1331 2788 1591 2834 dissensus:
1618 2788 1799 2847 antiqui
1828 2805 1986 2834 omnes.

267 2863 325 2907 de
357 2862 540 2907 Christo
569 2863 918 2920 intellexerunt;
947 2864 1251 2911 recentissimi
1274 2873 1431 2911 autem
1466 2864 1701 2914 hominem
1726 2864 1955 2911 incertum
1973 2901 1984 2922 ,

266 2953 422 2998 graecae
455 2938 648 3001 originis
674 2975 687 2999 ‚
711 2940 793 2985 sed
827 2940 1099 2986 Judaeorum
1138 2957 1265 2988 sacra
1298 2942 1575 3002 professum.
1613 2941 1681 2985 cf.
1718 2941 1984 2987 Hinscutnx

263 3016 484 3068 Dim-ert„
519 3024 565 3061 et
598 3017 830 3073 CLHast,
863 3017 924 3062 ad
955 3019 999 3062 h.
1028 3019 1058 3063 1.

331 3093 564 3138 Permisit.
603 3095 658 3138 A.
687 3095 743 3139 U.
771 3094 891 3151 812,
920 3110 973 3139 ex
1030 3095 1203 3152 Tacit.,
1238 3098 1439 3149 Λακαί,
1467 3083 1583 3148 xin,
1612 3093 1687 3148 34.

332 3168 607 3228 Popularia.
643 3171 716 3216 Sc.
743 3170 915 3216 theatri
937 3170 1111 3234 gradus
1134 3171 1181 3216 in
1206 3172 1380 3232 quibus
1410 3171 1602 3218 sedehat
1625 3170 1848 3230 populus.

332 3246 518 3291 Senatu.
549 3248 605 3291 H.
644 3262 682 3292 e.
718 3247 763 3292 in
797 3256 1063 3294 senatorum
1087 3249 1290 3295 sedibus.
