2372 3918
805 245 867 289 IN
906 244 956 288 e.
995 244 1036 288 J.
1075 243 1398 288 cAEsAnssM.
1890 243 1979 303 139

252 359 271 389 ι
314 359 326 389 z
353 363 372 383 α
399 341 516 389 Belli
543 355 718 388 nomen
740 338 1019 402 ponendum
1041 338 1091 384 in
1113 338 1343 384 sententia
1373 338 1569 399 quidam
1593 355 1692 384 non
1719 339 1981 400 putabant3

246 419 497 466 tumultum
512 418 749 480 appellare
773 416 1036 474 malebant,
1055 415 1208 478 ignari
1239 430 1336 460 non
1360 415 1509 460 modo
1528 431 1688 461 rerum
1705 452 1719 475 ,
1734 416 1818 462 sed
1840 416 1981 463 etiam

243 495 516 542 verborum.
539 515 558 536 υ
1252 501 1261 511 ’

311 576 479 635 Agros.
517 572 692 619 Partim
734 569 974 631 publicos,
1015 568 1189 630 partim
1226 584 1367 624 suos3
1394 567 1534 624 Dio,
1577 583 1710 626 xui,
1741 584 1788 629 p.
1840 584 1936 615 ano
1970 586 1979 613 :

245 655 390 714 Χώραν
412 658 458 699 ἔκ.
486 673 533 699 τι
563 661 634 705 τῆς
655 651 878 712 δημοσίας,
900 652 972 696 καὶ
997 654 1041 696 ἑκ
1064 658 1136 703 τῆς
1160 654 1317 695 ἑαυτοῦ.

308 737 415 783 Νοη
451 737 702 783 continuos.
736 736 802 782 Ut
844 733 987 780 Sicul.
1027 734 1244 791 Flaccus,
1272 734 1332 778 de
1368 731 1547 778 Condit.
1581 748 1806 798 agrorum
1836 749 1852 777 .·
1881 753 1901 774 ι
1925 734 1980 779 ln

241 814 398 860 multis
429 813 701 877 regionibus
730 810 1070 872 comperimus,
1098 809 1333 872 quosdam
1358 824 1652 871 possessores
1688 824 1789 856 non
1825 809 1982 856 conti-

241 906 357 938 nuas
382 889 451 954 (h.
477 906 517 937 e.
541 905 639 936 non
669 885 980 952 cohaerentes)
1001 888 1180 933 habere
1208 897 1372 935 terras.
1402 906 1422 927 υ

309 979 567 1025 Pollicitus.
597 979 654 1023 A.
689 979 748 1024 U.
779 974 872 1035 705
886 1012 900 1035 ,
925 993 1075 1038 quum
1098 978 1300 1022 Romam
1325 974 1530 1022 venisset
1546 1008 1560 1032 ,
1587 975 1729 1036 pulso
1758 988 1818 1020 ex
1850 973 1983 1020 Italia

242 1054 485 1116 Pompeio.
631 1042 633 1046 ¹

308 1131 668 1177 Habitationem.
686 1132 745 1177 H.
764 1146 803 1176 e.
822 1146 1026 1177 annuam
1048 1130 1352 1192 pensionem,
1379 1145 1484 1191 quae
1510 1128 1822 1175 habitationis·
1845 1143 1982 1175 causa

237 1209 478 1269 penditur.
510 1208 766 1267 Martialis,
792 1225 838 1267 1,
873 1224 960 1270 29,
989 1209 1016 1254 3
1046 1225 1057 1253 τ

416 1376 639 1387 .......
662 1344 740 1386 Sed
761 1344 892 1386 neutri
912 1343 1053 1399 pensio
1074 1352 1158 1385 tota
1181 1344 1268 1385 fuit.

304 1478 528 1541 Epulum.
574 1478 668 1524 Pro
718 1476 1036 1540 gratulatione
1062 1476 1287 1523 victoriae.
1321 1476 1439 1522 Plin.
1457 1512 1469 1534 ,
1510 1478 1569 1521 H.
1602 1476 1655 1522 N.
1674 1511 1687 1534 ,
1717 1492 1800 1521 x1v
1817 1511 1829 1534 ,
1867 1492 1920 1535 17
1974 1492 1985 1520 ε

239 1575 259 1597 «
281 1553 450 1613 Quid?
481 1570 582 1601 non
629 1563 677 1600 et
706 1556 857 1601 Caesar
887 1554 1094 1601 dictator
1134 1553 1364 1614 triumphi
1397 1553 1470 1599 sui
1501 1568 1634 1600 coena
1667 1553 1767 1598 vini
1798 1553 1987 1600 Falerni

238 1632 490 1693 amphoras
505 1667 519 1691 ,
550 1631 654 1680 Chii
691 1632 835 1679 cados
870 1631 921 1677 in
953 1632 1171 1678 convivia
1215 1629 1494 1678 distribuit?
1532 1629 1661 1676 idem
1686 1630 1986 1692 Hispaniensi

238 1707 482 1770 triumpho
505 1709 676 1755 Chium
698 1718 745 1755 et
772 1710 1026 1756 Falernum
1050 1709 1214 1769 dedit3
1238 1710 1385 1770 epulo
1415 1723 1532 1754 vero
1560 1707 1611 1753 in
1638 1707 1781 1754 tertio
1809 1724 1986 1754 consu-

237 1787 336 1833 latu
367 1802 455 1832 suo
499 1787 775 1846 Falernum,
809 1786 981 1833 Chium
997 1822 1010 1846 ,
1049 1786 1303 1846 Lesbium,
1333 1784 1673 1835 Mamertinum
1689 1820 1703 1844 ,
1736 1801 1836 1847 quo
1879 1785 1987 1848 pri-

237 1878 367 1909 mum
393 1871 609 1925 tempore
641 1873 853 1925 quatuor
879 1879 1053 1927 genera
1083 1863 1183 1909 vini
1214 1863 1432 1925 apposita
1457 1871 1654 1909 constat.
1684 1882 1704 1903 »

313 1941 694 1989 Vzkcerationem.
730 1942 789 1988 H.
817 1957 857 1987 e.
887 1941 1047 1987 crudae
1081 1940 1235 2005 carnis
1267 1940 1667 1987 distributionem.
1703 1939 1806 1986 Liv.
1821 1974 1834 1997 ,
1864 1955 1959 1985 vm
1973 1976 1986 1998 ,

240 2033 300 2064 22
330 2033 342 2064 :
366 2037 391 2061 α
413 2019 601 2080 Populo
623 2018 874 2066 visceratio
902 2019 1012 2065 data
1046 2035 1072 2065 a
1103 2021 1169 2065 M.
1196 2018 1368 2065 Fluvio
1391 2018 1443 2064 in
1466 2018 1635 2063 funere
1656 2016 1834 2063 matris.
1863 2037 1883 2058 »

300 2097 413 2143 Cu».
452 2097 694 2144 XXXIX.
734 2098 902 2142 Ludos.
942 2098 1127 2158 Nempe
1181 2095 1394 2142 scenicos
1441 2112 1452 2140 ε
1494 2104 1811 2157 opponuntur
1856 2094 1982 2141 enim

239 2172 553 2220 Circensibus.

304 2262 610 2324 Regionatc‘m.
628 2263 688 2309 H.
715 2278 754 2308 e.
772 2278 859 2323 per
883 2260 1205 2308 omnesUrbis
1217 2260 1616 2323 regiones.Quum
1631 2262 1795 2306 Romae
1816 2275 1986 2324 magna

241 2337 379 2398 copia
410 2347 512 2384 erat
539 2338 786 2384 hominum
825 2355 883 2385 ex
921 2337 1141 2387 omnibus
1176 2337 1365 2399 imperii
1400 2337 1682 2398 provinciis,
1716 2339 1894 2395 Caesar,
1933 2345 1988 2382 ut

241 2414 463 2462 omnibus
485 2414 831 2479 gratificaretur
843 2437 864 2474 ,-
882 2415 1135 2462 histriones
1159 2414 1369 2460 omnium
1388 2414 1660 2477 linguarum
1686 2406 1918 2460 adhibuit.

310 2492 632 2551 Pyrrhicham.
663 2493 861 2540 Saltatio
893 2492 984 2539 fuit
1013 2491 1249 2554 pedestris
1277 2500 1455 2538 armata
1474 2508 1484 2536 :
1502 2499 1642 2557 χορεία
1667 2500 1704 2541 ἐν
1728 2499 1812 2547 τοῖς
1833 2498 1987 2550 ὅπλοις,

243 2571 466 2628 Jurnm,
496 2570 629 2616 Orat.
643 2604 660 2627 ,
695 2587 732 2617 1.

304 2659 551 2705 Laberius.
584 2659 801 2706 Macrob.
837 2660 1026 2705 Saturn.
1042 2693 1057 2715 ,
1093 2675 1156 2716 11,
1191 2676 1215 2718 7
1244 2676 1254 2703 ε
1291 2680 1310 2701 «
1330 2658 1609 2716 Laberium,
1634 2672 1809 2718 asperae
1836 2656 1987 2703 liber-

245 2734 353 2780 tatis
378 2734 585 2797 equitem
607 2752 811 2796 roman.,
832 2737 985 2784 Caesar
1000 2735 1274 2799 quingentis
1301 2735 1510 2780 millibus
1531 2734 1775 2790 invitavit,
1793 2742 1847 2779 ut
1867 2750 1989 2795 pro-

242 2812 366 2858 diret
398 2811 450 2858 in
480 2828 696 2873 scenam,
730 2821 777 2861 et
808 2813 910 2875 ipse
945 2822 1107 2877 ageret
1142 2812 1311 2859 mimos
1328 2847 1341 2870 ‚
1373 2829 1496 2874 quos
1527 2811 1835 2873 scriptitabat.
1865 2831 1885 2852 υ
1916 2814 1988 2858 De

241 2888 433 2935 Laberii
453 2889 634 2949 mimis,
658 2891 825 2938 Horat.
843 2925 857 2950 ,
892 2891 990 2937 Sat.
1026 2906 1045 2936 1
1063 2925 1077 2950 ,
1114 2906 1170 2935 10
1195 2906 1206 2936 :

418 3030 469 3070 Et
486 3027 629 3069 Laberi
647 3027 790 3070 mimos
835 3035 881 3070 ut
902 3027 1072 3084 pulchra
1096 3035 1280 3083 poemata
1300 3027 1435 3069 mirer.

311 3158 510 3203 Sessum.
544 3160 602 3206 H.
632 3175 670 3206 e.
697 3168 751 3205 ut
780 3159 976 3207 sederet.

311 3249 369 3292 In
406 3250 765 3309 quatuordecim.
800 3250 858 3296 H.
903 3266 942 3295 e.
976 3250 1339 3312 quatuordecim
1389 3248 1611 3307 ordines,
1649 3248 1745 3294 sive
1782 3250 1953 3311 gradus
1976 3287 1989 3309 ,
