2372 3918
830 278 895 323 JN
936 278 986 322 c.
1025 277 1065 321 J.
1106 276 1431 322 emmam.
1914 284 2004 338 ¹49

254 377 431 424 tatione
446 373 625 433 effecit,
640 381 695 420 ut
717 372 1007 435 repetiturus
1028 370 1157 430 illas,
1173 387 1199 417 a
1224 371 1402 433 quibus
1423 370 1843 432 proficiscebatur,
1859 380 2006 419 terras

256 454 509 501 videretur.
540 472 560 494 ι»
1968 511 1970 514 Ι

323 531 565 578 Salutiom‘.
606 526 811 575 Plurima
843 525 919 572 ‘de
964 525 1058 572 hoc
1097 524 1385 589 cognomine
1423 524 1671 585 disputant
1718 525 1811 571 viri
1849 525 2008 583 docti,

257 607 431 669 quibus
455 602 729 668 perpensis}
763 603 829 649 sic
852 603 920 649 Cl.
953 604 1077 649 Hase
1102 619 1113 648 :
1147 623 1166 644 α
1196 605 1330 649 Patet
1367 618 1469 647 non
1503 603 1687 647 Nostro
1719 601 1912 649 demum
1945 605 2013 649 ad

255 685 563 748 opprobrium
595 683 712 729 ve'toe
735 682 828 727 hoc
859 695 1128 743 cognomen
1159 679 1366 738 venisse,
1398 679 1481 726 sed
1508 678 1594 723 uni
1627 694 1686 724 ex
1720 678 1823 738 ejus
1853 679 2010 740 majo-

255 762 390 809 ribus
414 762 479 808 ob
508 760 605 806 oris
628 774 736 805 cum
760 757 907 804 mimo
929 757 1174 818 Salutione
1203 757 1573 804 similitudinem.
1602 774 1623 796 υ

324 851 437 896 Cu.
465 849 569 896 LX.
598 846 831 894 Sumebat.
855 845 933 891 Sic
957 845 1132 906 Tacit.,
1149 847 1271 892 Hist.
1282 880 1298 903 ‚
1316 862 1381 905 11,
1401 853 1459 902 42
1480 861 1492 890 ε
1510 866 1530 887 α
1559 843 1822 891 Othoniani
1838 860 2011 906 quam-

259 943 407 989 quam
424 925 625 988 dispersi
638 922 950 985 ,·pauciores,
967 922 1098 982 fessi,
1114 924 1340 984 proelium
1364 933 1522 969 tamen
1552 922 1725 968 acriter
1748 938 1970 968 sumsere.
1992 943 2012 963 ι

325 1014 669 1078 Βραιτιζςεὺηἰε.
701 1013 760 1059 Η.
809 1027 849 1058 e.
897 1011 1182 1073 asperrimis.
1217 1014 1377 1071 Nom,
1408 1029 1483 1070 ιν,
1525 1010 1619 1067 425
1653 1028 1664 1055 ε
1704 1031 1724 1052 «
1748 1012 2010 1072 Spurcum,

255 1093 533 1150 vehemens,
568 1106 845 1151 asperum.»
877 1091 944 1135 M.
978 1090 1104 1136 Tull.
1127 1091 1198 1134 ad
1233 1090 1471 1136 Coesaoem
1497 1089 1629 1148 jun„
1663 1105 1702 1133 11
1746 1105 1757 1133 ε
1794 1107 1819 1130 α
1854 1090 2014 1146 Quum

254 1170 344 1216 iter
373 1170 578 1215 facerem
605 1169 875 1214 Claternam
900 1175 1181 1228 tempestate*
1197 1167 1512 1229 spurcissima.
1548 1187 1568 1208 »

324 1258 566 1319 Quantum
605 1255 809 1316 auferre.
850 1256 1101 1302 Calamitas
1136 1256 1264 1303 enim
1303 1256 1519 1302 minuere
1557 1256 1678 1302 solet
1715 1254 2018 1316 imperatoris

255 1335 599 1382 auctoritatem.
634 1335 745 1380 Caes.
762 1324 863 1392 [B.
894 1335 950 1380 G.
966 1368 980 1390 ‚
1008 1351 1109 1392 vu,
1135 1335 1197 1380 30
1227 1351 1237 1380 ε
1269 1336 1477 1396 «Itaque
1508 1344 1563 1380 ut
1599 1333 1898 1395 reliquorum
1922 1333 2014 1379 im-
2094 1330 2101 1336 ’

253 1422 533 1476 peratorum
556 1428 632 1458 res
661 1412 869 1458 adversae
893 1412 1227 1458 auctoritatem
1250 1412 1501 1469 minuunt,
1526 1421 1613 1458 etc.
1639 1432 1658 1451 υ

319 1490 617 1537 Dimittebat.
646 1490 837 1550 Equum
861 1489 1040 1536 dimisit
1071 1499 1374 1553 pugnaturus
1403 1506 1513 1536 cum
1547 1487 1801 1547 Helvetiis,
1834 1497 1888 1534 ut
1918 1489 2018 1550 ipse

259 1570 426 1627 docet,
451 1569 574 1614 Bell.
616 1568 772 1623 Gall.‚
812 1584 880 1626 11,
925 1567 1002 1614 25.
1034 1570 1301 1628 Plutarch.‚
1345 1570 1393 1614 in
1428 1569 1549 1614 Coes.
1566 1602 1582 1624 ,
1623 1584 1669 1629 p.
1715 1567 1807 1626 716
1835 1584 1847 1612 t
1881 1575 2020 1617 Κάκεῖ

259 1659 499 1713 συναγωγῶν
536 1652 608 1697 καὶ
637 1652 882 1711 παρατάξας
908 1654 979 1700 τὴν
1011 1649 1213 1711 δύναμιν,
1243 1656 1292 1704 ὡς
1318 1654 1441 1703 ἵππος
1474 1656 1586 1710 αὐτῷ
1614 1653 1839 1711 προσήχθη·
1886 1654 2018 1711 τούτῳ

260 1734 349 1791 μὲν,
379 1733 451 1790 ἔφη
463 1751 482 1785 ,·
498 1732 668 1780 νικήσας
695 1731 903 1789 χρήσομαι
937 1731 1036 1788 πρὸς
1061 1732 1134 1779 τὴν
1172 1727 1323 1782 δίωξιν·
1350 1737 1415 1774 νῦν
1448 1727 1498 1774 δὲ
1530 1732 1652 1789 ἴωμιν
1686 1730 1755 1774 ἐπὶ
1785 1730 1876 1779 τοὺς
1900 1736 2020 1773 πολι-

259 1812 381 1870 μὶους.
409 1809 497 1853 Καὶ
524 1810 644 1859 πεζὸς
669 1809 873 1867 ὁρμήσας,
903 1807 1105 1852 ἐνὲῧαλεν.
1132 1802 1266 1848 Idem
1300 1802 1350 1847 in
1379 1802 1554 1863 proelio
1586 1802 1647 1848 ad
1678 1801 1913 1847 Mundam
1945 1801 2019 1848 se-

257 1881 373 1927 cisse
401 1880 549 1926 tradit
567 1881 720 1938 Flor.‚
744 1896 818 1939 1v,
854 1887 896 1935 4.

329 1969 442 2016 Cn.
478 1969 607 2014 LXI.
646 1969 832 2030 Equo...
865 1957 1114 2014 dedicavit.
1153 1969 1303 2028 Plin.‚
1335 1971 1396 2015 H.
1434 1971 1524 2024 N„
1559 1986 1653 2014 v111
1672 2004 1686 2028 ‚
1728 1984 1782 2014 12
1817 1985 1828 2014 ε
1865 1988 1889 2010 α
1921 1970 2022 2014 Nec

257 2048 450 2096 Caesaris
466 2045 714 2092 dictatoris
729 2062 1020 2108 quemquam
1043 2046 1187 2093 alium
1209 2047 1442 2109 recepisse
1459 2048 1605 2094 dorso
1623 2064 1777 2109 equus
1801 2046 2022 2103 traditur,

256 2125 483 2186 idemque
498 2123 717 2169 humanis
733 2123 905 2170 similes
923 2123 1072 2185 pedes
1088 2125 1276 2186 priores
1292 2125 1512 2171 habuisse
1523 2161 1535 2183 ‚
1562 2126 1651 2171 hac
1667 2123 1825 2187 effigie
1839 2125 2022 2170 locatus

259 2212 368 2248 ante
398 2201 599 2248 Veneris
624 2201 889 2247 Genetricis
919 2202 1082 2248 aedem.
1111 2222 1131 2244 »
1162 2204 1219 2248 In
1252 2220 1351 2264 quo
1386 2204 1623 2249 animadv.
1645 2203 1900 2265 genetricis
1929 2219 2021 2263 pro

256 2279 495 2342 genitr-id&
511 2294 571 2324 ex
596 2280 664 2324 Cl.
691 2280 816 2324 Hase
840 2281 1098 2325 Burmann.
1125 2290 1171 2326 et
1195 2281 1513 2351 Oudendorp.
1541 2290 1718 2327 secuto.

329 2369 440 2414 Cu.
481 2368 635 2413 LXII.
677 2367 910 2413 Contortis
929 2366 1173 2426 saucibus.
1212 2370 1271 2414 H.
1306 2385 1346 2414 e.
1387 2369 1438 2414 in
1482 2371 1666 2416 hostem
1699 2368 1917 2428 reflexis,
1971 2379 2024 2416 ut

265 2445 414 2502 Plin.‚
442 2446 504 2490 H.
537 2446 596 2491 N.
613 2478 628 2499 ‚
654 2461 751 2502 vu,
781 2451 841 2500 44
868 2462 878 2490 ε
907 2445 1143 2491 «intortas
1159 2445 1328 2493 fauces.
1347 2467 1366 2487 »

335 2536 445 2581 Cn.
473 2535 650 2581 LXIV.
689 2533 918 2579 Trahens.
953 2533 1105 2579 Aliter
1133 2535 1260 2580 Flor.
1281 2570 1293 2593 ‚
1328 2552 1394 2594 lv,
1423 2550 1450 2580 2
1478 2552 1488 2580 z
1516 2555 1541 2577 et
1559 2536 1678 2582 Inde
1714 2536 1942 2598 depulsus
1974 2537 2023 2583 in

262 2612 410 2658 maria
446 2611 567 2657 mira
596 2610 819 2657 felicitate
844 2611 907 2657 ad
935 2611 1206 2672 proximam
1233 2615 1425 2660 classem
1456 2614 1693 2672 enatavit,
1716 2614 1885 2661 relicto
1911 2616 2023 2676 qui-

265 2691 375 2737 dem
407 2690 458 2736 in
495 2687 723 2736 fluctibus
751 2689 1116 2750 paludamento,
1150 2705 1233 2736 seu
1275 2691 1402 2750 fato,
1435 2707 1520 2737 seu
1555 2691 1778 2750 consilio,
1816 2702 1870 2738 ut
1906 2693 2022 2738 illud

262 2767 599 2832 ingruentibus
625 2766 834 2813 hostium
865 2766 970 2813 telis
996 2766 1216 2828 saxisque
1243 2778 1502 2830 peteretur.
1525 2789 1551 2812 η

331 2858 443 2904 Cn.
467 2858 616 2903 LXV.
643 2855 967 2902 Subtrahebat.
992 2856 1102 2903 Scil.
1128 2872 1200 2915 se;
1223 2858 1270 2904 h.
1304 2873 1343 2903 e.
1375 2857 1784 2919 proficiscebatur.

334 2948 445 2993 Cn.
475 2947 649 2992 LXVI.
677 2945 919 2990 Terribilis
935 2954 1070 2991 esset.
1087 2948 1228 2991 Auct.
1255 2948 1376 2992 Bell.
1404 2946 1555 3007 Afric.
1580 2965 1595 2992 .·
1614 2968 1631 2989 «
1651 2949 1766 2994 Erat
1786 2949 1835 2995 in
1858 2951 2023 2998 castris

267 3025 460 3072 Caesaris
475 3023 724 3086 superiore
758 3032 973 3083 tempore
1005 3038 1206 3087 magnus
1237 3033 1418 3082 terror,
1456 3034 1502 3071 et
1542 3027 1896 3087 exspectatione
1931 3045 2020 3075 co·-

195 3153 197 3159 ,
266 3104 454 3164 piarum
471 3101 709 3165 regiarum
732 3100 967 3147 exercitus
997 3100 1099 3162 ejus
1122 3102 1270 3165 magis
1294 3102 1596 3164 suspensiore
1614 3104 1773 3150 animo
1797 3114 1906 3151 ante
1930 3106 2019 3153 ad-

267 3189 461 3227 ventum
487 3179 620 3225 Jubae
645 3177 1050 3224 commovebatur.
1077 3199 1096 3220 »

335 3260 481 3305 Nave.
518 3257 678 3303 Fuisse
718 3257 810 3303 hoc
857 3256 988 3317 apud
1022 3265 1204 3302 veteres
1236 3274 1387 3318 poenae
1417 3274 1565 3321 genus
1597 3268 1782 3304 constat
1815 3276 1872 3305 ex
1900 3260 2016 3306 Plin.

269 3339 476 3399 Paneg„
505 3350 684 3381 xxx1v:
714 3357 731 3375 «
751 3333 974 3397 Congesti
1007 3342 1114 3380 sunt
1147 3334 1195 3380 in
1217 3334 1403 3397 navigia
1439 3334 1612 3397 raptim
1637 3336 1927 3399 conquisita,
1967 3348 2020 3383 ut
