2372 3918
402 265 491 322 184
642 317 649 321 ,
1067 266 1116 312 C.
1152 266 1444 313 SUETONII

396 368 710 441 abolendis;
751 392 780 422 α
808 371 921 428 Cur
962 368 1108 425 enim
1149 368 1250 426 sibi
1292 390 1404 425 non
1443 366 1636 439 licere,
1682 365 1867 423 dicens
1887 407 1902 438 ,
1947 366 2096 443 quod

398 466 614 525 Platoni
641 467 905 541 licuisset,
931 467 1025 543 qui
1049 488 1175 523 eum
1199 489 1229 524 e
1250 469 1495 538 civitate,
1521 486 1681 544 quam
1703 464 2096 536 constituebat,

396 565 654 644 ejecerit?
675 592 702 621 ι)
737 566 845 624 Sed
875 578 928 623 et
956 565 1174 644 Virgilii
1207 587 1271 624 ac
1307 568 1416 624 Titi
1450 567 1594 623 Livii
1628 565 1827 643 scripta
1867 574 1930 619 et'
1957 564 2094 619 ima-

396 666 549 744 gines
574 709 591 740 ,
634 665 861 744 paulum
905 665 1117 736 abfuit,
1166 667 1297 742 quin
1345 687 1417 723 ex
1453 664 1710 722 omnibus
1753 661 2100 718 bibliothecis

395 762 672 843 amoveret
697 786 711 821 z
738 785 974 841 quorum
1003 763 1234 821 alterum
1251 809 1266 838 ,
1293 777 1358 821 ut
1387 789 1414 818 α
1438 763 1640 821 nullius
1669 761 1904 841 ingenii,
1933 761 2099 816 mini·

396 884 606 940 maeque
634 863 921 934 doctrinae3
943 887 972 917 ³>
1002 862 1266 937 alterum,
1286 877 1358 920 ut
1381 889 1407 917 κ
1430 865 1720 920 verbosum
1749 864 1807 926 in
1837 861 2067 917 historia
2085 903 2101 932 ‚
2172 843 2179 850 ’

396 961 870 1040 negligentemque
892 987 919 1016 »
951 950 1225 1040 carpebat.
1258 966 1344 1020 De
1377 964 1516 1040 juris
1549 982 1768 1039 quoque
1801 958 2062 1018 consultis
2085 1001 2100 1028 ‚

397 1062 550 1138 quasi
595 1063 831 1118 scientiae
872 1076 1063 1119 eorum
1111 1083 1330 1119 omnem
1371 1083 1531 1119 usum
1575 1060 1876 1118 aboliturus
1899 1102 1915 1132 ‚
1961 1078 2101 1135 saepe

393 1161 644 1236 jactavit,
674 1186 702 1215 c<
726 1183 812 1233 se,
843 1162 1138 1234 mehercle,
1166 1162 1515 1234 effecturum,
1548 1182 1615 1217 ne
1643 1162 1738 1237 qui
1770 1158 2100 1237 respondere

397 1264 607 1338 possint
637 1275 835 1341 praeter
863 1285 1007 1321 eum.
1034 1289 1061 1316 >2

475 1348 706 1419 XXXV.
741 1366 943 1420 Vetera
978 1362 1303 1419 familiarum
1339 1364 1575 1440 insignia
1610 1361 1946 1416 nobilissimo
1982 1359 2100 1415 cui-

398 1482 504 1537 que
547 1461 792 1523 ademit:
831 1464 1116 1537 Torquato
1159 1474 1449 1538 torquem3
1495 1461 1823 1517 Cincinnato
1860 1459 2102 1526 crinem;

398 1563 498 1617 Cn.
521 1562 810 1638 Pompei0‚
840 1562 1021 1638 stirpis
1051 1561 1309 1636 antiquae,
1343 1561 1532 1637 Magni
1566 1578 1886 1636 cognomen.
1911 1556 2100 1613 Ptolo-

397 1682 625 1733 maeum,
656 1661 722 1717 de
750 1683 857 1738 quo
887 1660 1081 1733 retuli,
1114 1673 1167 1716 et
1193 1661 1509 1716 arcessitum
1534 1680 1563 1715 e
1591 1679 1761 1736 regno
1780 1702 1795 1732 ‚
1824 1670 1880 1714 et
1906 1677 2102 1734 excep-

398 1774 514 1818 tum
559 1763 861 1819 honorifice
883 1805 898 1834 ‚
939 1784 1050 1818 non
1092 1762 1197 1817 alia
1244 1761 1310 1816 de
1345 1774 1509 1819 causa
1557 1772 1778 1837 repente
1825 1758 2060 1838 perculit
2087 1802 2103 1829 ,

399 1882 562 1937 quam
595 1862 777 1938 quod,
815 1862 1005 1918 edente
1049 1883 1105 1917 se
1144 1883 1346 1917 munus
1367 1905 1382 1934 ,
1416 1863 1720 1939 ingressum
1755 1859 2063 1937 spectacula
2089 1903 2105 1931 ‚

397 1963 725 2018 convertisse
770 1963 1056 2018 hominum
1094 1961 1282 2018 oculos
1324 1961 1534 2039 fulgore
1574 1981 1862 2038 purpureae
1903 1959 2097 2016 abollae

397 2060 797 2117 animadvertit.
827 2061 1091 2118 Pulchros
1123 2074 1175 2118 et
1211 2074 1484 2132 comatOS‚
1521 2062 1730 2137 quoties
1766 2062 1868 2116 sibi
1903 2081 2098 2116 occur-

397 2171 615 2232 rerent,
648 2162 903 2238 occipitio
938 2183 1060 2218 raso
1096 2161 1437 2238 deturpabat.
1478 2164 1612 2216 Erat
1644 2162 1803 2216 Esius
1835 2159 2102 2216 Proculus

397 2270 552 2335 patre
593 2259 951 2336 primipilari,
987 2262 1057 2317 ob
1090 2263 1364 2338 egregiam
1405 2261 1650 2338 corporis
1680 2259 2097 2337 amplitudinem

398 2368 451 2412 et
486 2360 717 2434 speciem
752 2361 1065 2417 Colosseros
1097 2361 1287 2417 dictus.
1317 2365 1480 2417 Hunc
1509 2382 1539 2416 e
1567 2359 1884 2436 spectaculis
1916 2359 2098 2415 detra-

398 2467 546 2512 ctum
580 2471 832 2535 repente,
861 2474 916 2516 et
950 2463 1007 2516 in
1038 2482 1258 2517 arenam
1288 2460 1610 2531 deductum,
1637 2460 1861 2532 Threci,
1891 2472 1948 2516 et
1973 2480 2103 2515 mox

397 2556 760 2632 hoplomacho
784 2561 1151 2635 comparavit:
1174 2560 1364 2636 bisque
1383 2560 1646 2615 victorem
1666 2560 1966 2637 constringi
1985 2561 2103 2616 sine

397 2675 552 2710 mora
574 2657 771 2731 jussit,
799 2669 853 2713 et
887 2659 1083 2735 pannis
1113 2659 1353 2714 obsitum
1384 2660 1604 2715 vicatim
1637 2642 2007 2731 circumduci,
2043 2679 2106 2716 ac

397 2753 718 2822 mulieribus
746 2758 985 2830 ostendi,
1013 2758 1207 2814 deinde
1225 2757 1483 2836 jugulari.
1507 2758 1707 2818 Nullus
1735 2760 1967 2838 denique
1991 2772 2104 2816 tam

323 2849 326 2852 ’
399 2855 621 2931 abjectae
654 2857 979 2914 conditionis
998 2901 1012 2928 ‚
1044 2871 1263 2935 tamque
1297 2871 1549 2915 extremae
1581 2862 1742 2916 sortis
1777 2861 1913 2933 fuit,
1948 2862 2104 2938 cujus

398 2975 510 3009 non
535 2956 833 3013 commodis
855 2957 1198 3015 obtrectaret.
1223 2961 1548 3017 Nemorensi
1570 2962 1710 3037 regi,
1732 2960 1879 3036 quod
1903 2958 2103 3015 multo‘s

394 3053 508 3128 jam
537 3074 707 3111 annos
733 3058 1001 3133 potiretur
1026 3058 1354 3130 sacerdoti0‚
1381 3058 1702 3115 validiorem
1731 3060 2103 3116 adversarium

389 3152 736 3225 [subornavit.
757 3157 948 3232 Quum
968 3158 1207 3235 quodam
1231 3157 1318 3213 die
1338 3160 1603 3231 muneriS‚
1624 3158 1891 3215 essedario
1914 3161 2101 3229 Porio,

402 3253 472 3307 ob
523 3275 840 3331 prosperam
891 3279 1132 3334 pugnam
1182 3279 1396 3314 servum
1447 3281 1606 3315 suum
1655 3261 2058 3316 manumittenti
2086 3304 2101 3333 ,
