2372 3918
568 272 654 318 DE
690 269 1100 318 ILLUSTRIBUS
1134 269 1593 315 GRAMMATICIS.
1886 267 1946 311 83

221 376 374 445 (lem,
401 395 567 453 quem
599 378 827 433 Lenaeus
857 372 1114 431 Melissus
1143 392 1243 450 per
1270 371 1675 428 cavillationem
1712 374 1952 431 nominis

219 474 399 541 Πανός
425 472 699 551 ἀγάπημα
719 474 877 547 dicit,
895 473 1145 530 ducentis
1161 470 1405 528 millibus
1425 490 1716 528 nummum
1735 474 1953 546 Quinto

218 577 424 635 Catulo
458 590 698 647 emtum,
727 596 789 632 ac
822 575 974 631 brevi
1005 574 1405 629 manumissum
1444 593 1456 627 :
1492 573 1727 628 Lucium
1761 577 1801 630 A
1812 594 1953 651 ppu-

220 676 387 734 leium
416 676 486 735 ab
512 677 688 735 Eficio
713 674 979 746 Calvino,
1009 674 1199 753 equite
1229 692 1461 729 romano
1488 671 1798 750 proedivite,
1821 693 1955 750 qua-

222 776 509 856 dringenis
536 776 734 834 annuis
761 774 1128 843 conductum,
1157 771 1363 829 multos
1387 771 1686 829 edocuisse.
1722 774 1868 831 Nam
1898 775 1954 830 in

219 878 530 954 provincias
575 893 797 954 quoque
845 874 1203 954 grammatica
1252 885 1664 952 penetraverat,
1706 893 1771 931 ac
1813 895 1956 931 non-

218 977 358 1035 nulli
380 978 449 1035 de
463 977 761 1034 notissimis
776 975 1099 1032 doctoribus
1121 995 1351 1053 peregre
1372 974 1701 1048 docuerunt,
1720 976 1957 1033 maxime

219 1080 277 1136 in
314 1077 498 1136 Gallia
533 1080 744 1156 Togata
782 1097 795 1133 :
842 1077 988 1133 inter
1019 1097 1158 1154 quos
1203 1077 1470 1132 Octavius
1501 1077 1735 1149 Teucer,
1779 1088 1835 1133 et
1868 1078 1957 1134 Si-

219 1180 474 1237 scennius
506 1178 765 1252 Iacchus,
790 1189 846 1235 et
871 1172 1090 1256 Oppius
1118 1177 1325 1235 Chares
1356 1197 1369 1233 t
1407 1177 1499 1233 hic
1521 1176 1747 1255 quidem
1777 1177 1849 1234 ad
1877 1177 1959 1234 ul-

214 1282 404 1337 timam
435 1293 680 1350 aetatem,
709 1291 765 1336 et
797 1299 971 1357 quum
999 1279 1116 1357 jam
1142 1299 1255 1335 non
1285 1299 1476 1357 gressu
1506 1278 1672 1335 modo
1703 1278 1960 1336 deficere-

217 1395 326 1453 tur,
359 1381 456 1439 sed
487 1394 544 1438 et
573 1383 713 1439 visu.

295 1484 395 1541 IV.
439 1482 756 1561 Appellatio
785 1487 1286 1562 grammaticorum
1336 1502 1514 1561 graeca
1557 1481 1958 1539 consuetudine

215 1582 479 1654 invaluit3
513 1583 607 1640 sed
644 1584 804 1641 initio
834 1584 1066 1641 letterati
1092 1584 1450 1640 vocabantur.
1483 1582 1779 1641 Cornelius
1812 1604 1954 1660 quo-

198 1705 321 1762 que
347 1685 534 1762 Nepos
564 1685 620 1740 in
651 1682 865 1756 libello,
906 1705 1019 1762 quo
1054 1683 1349 1762 distinguit
1375 1684 1684 1741 litteratmn
1721 1684 1790 1740 ab
1826 1705 1956 1742 eru-

215 1784 361 1855 dito,
409 1784 734 1841 «litteratos
781 1783 1006 1861 quidem
1040 1783 1210 1862 vulgo
1250 1782 1539 1862 appellari,
1565 1808 1592 1837 »
1634 1785 1736 1856 ait,
1776 1805 1957 1857 «e08,

215 1886 312 1963 qui
344 1884 555 1963 aliquid
601 1883 897 1964 diligenter
932 1897 989 1942 et
1026 1897 1187 1942 acute
1229 1886 1576 1962 scienterque
1610 1886 1821 1962 possint
1859 1898 1959 1942 aut

215 1987 425 2059 dicere,
465 1999 564 2044 aut
602 1988 844 2044 scribere
876 2009 890 2043 z
933 1999 1178 2043 ceterum
1222 1988 1448 2064 proprie
1480 1987 1559 2043 sic
1598 1985 1957 2065 appellandos
2027 2011 2053 2041 ῳ

218 2101 507 2166 poetarum
543 2090 904 2166 interpretes,
931 2088 1028 2165 qui
1067 2108 1099 2144 a
1135 2088 1345 2146 Graecis
1379 2095 1752 2163 γραμματικοί
1779 2090 1960 2144 nomi-

219 2200 441 2245 nentur.
467 2213 493 2242 »
525 2188 762 2245 Eosdem
797 2188 1132 2245 litteratores
1159 2190 1458 2262 vocitatos,
1489 2188 1724 2247 Messala
1755 2191 1957 2248 Corvi-

216 2309 321 2345 nus
359 2290 416 2344 in
456 2287 696 2366 quadam
729 2287 959 2366 epistola
993 2288 1266 2361 ostendit,
1302 2312 1329 2342 α
1354 2309 1467 2346 non
1497 2310 1613 2347 esse
1654 2291 1787 2362 sibi,
1809 2316 1836 2345 >³
1868 2291 1956 2347 di-

217 2409 375 2460 cens,
403 2413 430 2442 α
458 2409 572 2445 rem
606 2409 734 2445 cum
763 2389 935 2445 Furio
973 2387 1271 2463 Bibaculo,
1312 2409 1414 2446 nec
1449 2410 1577 2446 cum
1609 2390 1798 2469 Sigida
1828 2393 1955 2469 qui-

218 2489 340 2545 dem
359 2532 375 2560 ,
409 2502 503 2546 aut
536 2488 840 2546 litteratore
862 2490 1076 2546 Catone
1104 2511 1118 2546 ε
1143 2513 1171 2542 »
1202 2489 1474 2567 significat
1498 2491 1647 2547 enim
1681 2491 1832 2548 haud
1863 2491 1959 2549 du-

216 2590 307 2647 bie
338 2589 623 2647 Valerium
651 2592 953 2664 Catonem,
984 2603 1207 2669 poetam
1237 2589 1399 2648 simul
1424 2593 1957 2670 grammaticumque

220 2691 589 2747 notissimum.
644 2693 818 2762 Sunt,
863 2693 958 2773 qui
995 2689 1300 2748 litteratum
1342 2712 1375 2748 a
1418 2690 1724 2749 litteratore
1755 2693 1954 2750 distin-

217 2803 417 2868 guant,
450 2803 512 2847 ut
539 2792 722 2848 Graeci
755 2793 1179 2870 grammaticum
1203 2813 1235 2849 a
1269 2794 1679 2871 grammatista3
1713 2806 1769 2851 et
1795 2791 1951 2850 illum

216 2891 439 2968 quidem
469 2890 748 2965 absolute,
784 2892 934 2949 hunc
963 2893 1314 2951 mediocriter
1342 2893 1567 2952 doctum
1602 2897 1911 2953 existiment
1942 2918 1954 2952 ε

217 3013 453 3070 quorum
499 2993 818 3070 opinionem
853 2991 1100 3050 Orbilius
1131 2995 1296 3050 ctiam
1331 2993 1596 3073 exemplis
1638 2996 1953 3052 confirmat.

217 3093 362 3150 Nam
383 3135 398 3164 ,
424 3115 450 3144 α
472 3090 622 3169 apud
652 3092 914 3170 majores,
939 3117 966 3146 »
993 3093 1096 3166 ait,
1125 3118 1153 3146 α
1178 3114 1351 3171 quum
1377 3093 1587 3151 familia
1611 3093 1845 3171 alicujus
1873 3115 1958 3152 ve-

219 3191 358 3249 nalis
391 3192 825 3270 produceretur,
867 3214 979 3250 non
1030 3206 1230 3252 temere
1266 3216 1431 3273 quem
1463 3194 1763 3253 litteratum
1793 3197 1849 3263 in
1886 3198 1955 3252 ti-

220 3292 365 3366 tulo,
401 3292 523 3366 sed,
550 3292 914 3351 litteratorem
950 3296 1173 3353 inscribi
1205 3294 1428 3353 solitum
1465 3317 1581 3354 esse
1614 3318 1627 3352 ε
1658 3298 1814 3374 quasi
1843 3318 1954 3354 non

1675 3396 1737 3452 6.
