2372 3918
816 254 1122 300 ocrAvms
1147 253 1487 298 AUGUSTUS.
1937 254 1996 313 07

297 363 460 411 tectas
492 355 1110 432 tenentem,suspicatus
1141 354 1382 433 gladium
1412 356 1687 428 occulere,
1721 380 1816 414 nec
1852 361 2000 437 quic-

295 474 459 529 quam
504 456 715 527 statim,
768 475 838 510 ne
879 454 1029 511 aliud
1073 456 1443 528 inveniretur,
1488 475 1653 513 ausus
1698 458 1998 535 inquirere,

295 554 461 632 paulo
509 567 633 633 post
675 575 774 633 per
806 556 1151 612 centuriones
1179 567 1235 611 et
1275 553 1478 613 milites
1507 567 1725 634 raptum
1758 578 1788 613 e
1828 559 2000 615 tribu-

294 653 428 726 nali,
454 653 700 711 servilem
731 653 1039 711 inimodum
1066 655 1252 714 torsit:
1287 674 1351 712 ac
1380 655 1640 712 fatentem
1674 655 1810 712 nihil
1837 658 1997 734 jussit

293 753 496 826 occidi,
529 755 677 831 prius
716 751 886 811 oculis
923 754 1040 832 ejus
1070 775 1167 811 sua
1210 776 1377 812 manu
1420 755 1631 813 effossis
1664 777 1677 812 :
1714 777 1876 834 quem
1919 768 1998 812 ta-

295 874 418 910 men
448 854 635 910 scribit
663 852 937 932 colloquio
967 857 1139 933 petito
1156 855 1469 912 insidiatum
1497 856 1633 930 sibi,
1662 857 1996 934 conjectum-

293 975 398 1031 que
427 974 460 1009 a
498 932 554 1011 se
593 955 650 1011 in
686 952 1017 1029 custodiam,
1059 956 1256 1013 deinde
1286 957 1439 1013 Urbe
1485 957 1771 1013 interdicta
1819 956 1999 1012 dimis-

292 1074 439 1124 sum,
471 1054 755 1133 naufragio
794 1055 876 1112 vel
918 1054 1193 1113 latronum
1234 1057 1445 1114 insidiis
1479 1057 1699 1137 perisse.
1741 1058 1999 1113 Tribuni-

294 1152 424 1210 tiam
461 1166 779 1232 potestatem
812 1169 1134 1233 perpetuam
1159 1157 1392 1235 recepit:
1419 1158 1474 1213 in
1503 1178 1611 1234 qua
1644 1156 1806 1213 semel
1828 1169 1992 1234 atque

294 1252 491 1310 iterum
534 1275 632 1333 per
659 1254 870 1334 singula
906 1252 1076 1313 lustra
1106 1255 1371 1336 collegam
1407 1257 1507 1314 sibi
1548 1257 1843 1335 cooptavit.
1885 1259 1995 1313 Re-

293 1354 436 1431 cepit
462 1366 518 1410 et
547 1376 763 1412 morum
813 1346 1102 1435 legumque
1146 1358 1391 1435 regimen
1438 1378 1588 1435 aeque
1626 1368 1991 1434 perpetuum:

294 1473 403 1528 quo
430 1454 579 1530 jure,
609 1476 940 1533 quamquam
971 1457 1087 1513 sine
1117 1478 1358 1514 censurae
1387 1459 1622 1529 honore,
1658 1477 1881 1512 censum
1918 1467 1997 1510 ta-

298 1573 418 1608 men
452 1553 641 1632 populi
675 1568 756 1612 ter
788 1557 900 1634 egit
927 1577 941 1612 :
971 1557 1211 1634 primum
1247 1578 1311 1614 ac
1346 1558 1568 1614 tertium
1602 1577 1727 1613 cum
1753 1553 1993 1631 collega,

295 1651 536 1709 medium
563 1651 724 1710 soluS.

367 1752 625 1809 XXVIII.
651 1756 734 1810 De
758 1751 1033 1812 reddenda
1057 1755 1339 1834 republica
1368 1757 1451 1812 his
1477 1755 1739 1833 cogit-avit
1773 1775 1785 1809 :
1815 1754 1993 1830 primo

292 1863 411 1928 post
439 1872 755 1929 oppressum
779 1856 961 1912 statim
995 1857 1319 1929 Antonium,
1347 1875 1581 1927 memor,
1617 1854 1892 1930 objectum
1923 1853 1991 1908 ab

288 1969 352 2004 eo
383 1950 484 2008 sibi
507 1954 729 2029 saepiuS,
765 1956 919 2031 quasi
956 1976 1052 2033 per
1093 1958 1272 2033 ipsum
1307 1966 1504 2025 staret,
1537 1975 1607 2009 ne
1637 1952 1987 2009 redderetur:

287 2070 351 2106 ac
377 2071 563 2126 rursus
592 2053 751 2110 taedio
786 2054 1057 2112 diuturnae
1072 2054 1427 2128 valetudinis3
1451 2076 1624 2132 quum
1651 2054 1813 2109 etiam
1833 2096 1848 2123 ,
1877 2073 1993 2107 ma-

288 2150 599 2227 gistratibus
639 2173 702 2209 ac
755 2167 946 2210 senatu
985 2155 1209 2211 domum
1241 2156 1451 2224 accitiS,
1501 2153 1859 2210 rationarium
1893 2153 1992 2207 im-

228 2235 231 2238 *
286 2250 421 2328 perii
454 2250 693 2307 tradidit.
739 2252 846 2309 Sed
881 2267 1167 2332 reputanS,
1209 2267 1265 2311 et
1302 2275 1358 2310 se
1399 2255 1677 2332 privatum
1721 2273 1832 2309 non
1872 2253 1989 2307 sine

286 2348 528 2426 periculo
571 2350 712 2424 fore,
744 2366 800 2409 et
833 2353 981 2410 illam
1018 2353 1258 2431 plurium
1309 2354 1538 2409 arbitrio
1585 2365 1790 2409 temere
1841 2374 1988 2408 com-

284 2448 457 2521 mitti,
501 2451 558 2506 in
605 2451 886 2509 retinenda
929 2454 1321 2532 perseveravit;
1359 2452 1619 2522 dubium,
1647 2464 1845 2508 eventu
1875 2472 1987 2507 me-

283 2547 450 2622 liore,
481 2571 549 2606 an
593 2549 891 2619 voluntate.
946 2554 1130 2626 Quam
1179 2550 1517 2608 voluntatem
1563 2571 1735 2628 quum
1778 2571 1890 2628 prae
1934 2571 1991 2606 se

284 2648 581 2708 identidem
621 2650 810 2725 ferret,
843 2653 1081 2730 quodam
1128 2654 1293 2710 etiam
1327 2652 1506 2709 edicto
1545 2653 1629 2708 his
1665 2651 1845 2707 verbis
1883 2661 1987 2706 tes-

284 2758 428 2804 tatus
452 2762 563 2805 est:
590 2752 711 2806 «Ita
731 2753 866 2808 mihi
881 2751 1085 2809 salvam
1113 2774 1176 2810 ac
1198 2755 1457 2831 sospitem
1482 2749 1877 2830 rempublicam
1895 2751 1987 2807 sis-

283 2860 396 2904 tere
421 2849 477 2905 in
497 2870 595 2906 sua
622 2850 746 2906 sede
771 2849 931 2907 liceat
945 2895 961 2922 ,
984 2864 1148 2928 atque
1169 2858 1285 2929 ejus
1314 2854 1392 2908 rei
1420 2852 1660 2909 fructum
1683 2852 1990 2930 percipere,

280 2970 443 3025 quem
466 2962 618 3026 pete,
644 2961 707 3006 ut
729 2950 925 3028 optimi
953 2962 1124 3007 status
1154 2963 1346 3007 auctor
1373 2950 1554 3023 dicar3
1580 2964 1636 3007 et
1662 2952 1900 3007 moriens
1930 2962 1993 3005 ut

279 3047 451 3106 feram
480 3070 693 3105 mecum
721 3071 898 3128 spem,
920 3071 1175 3107 mansura
1194 3051 1248 3106 in
1270 3051 1498 3129 vestigio
1522 3071 1621 3108 suo
1642 3050 1992 3106 fundamenta

279 3148 623 3225 reipublicae,
669 3171 790 3226 quae
824 3151 1066 3227 jecero.»
1115 3152 1376 3228 Fecitque
1405 3149 1533 3229 'ipse
1584 3172 1640 3206 se
1681 3162 1988 3227 compotem

280 3249 416 3318 voti,
442 3249 592 3305 nisus
623 3250 771 3306 omni
805 3250 999 3322 modo,
1031 3273 1098 3308 ne
1120 3272 1284 3329 quem
1318 3252 1445 3308 novi
1482 3263 1652 3308 status
1686 3250 1986 3329 poeniteret.

1739 3350 1789 3405 5.
