2372 3918
903 272 1225 320 CALIGULA.
1844 285 1864 315 ι
1874 269 1934 326 67

310 385 407 439 IX.
446 379 712 459 Caligulae
753 398 1058 456 cognomen
1103 375 1363 433 castrensi
1396 375 1525 452 joco
1570 376 1769 449 traxit,
1807 375 1937 453 quia

228 481 589 560 manipulario
619 479 810 536 habitu
838 478 979 533 inter
1008 475 1207 534 milites
1232 474 1583 533 educabatur.
1609 476 1772 553 Apud
1799 497 1936 554 quos

225 594 490 658 quantum
517 592 777 659 praeterea
803 598 899 655 per
925 575 1067 634 hanc
1095 577 1560 634 nutrimentorum
1587 576 1937 634 consuetudi-

231 702 353 738 nem
382 701 573 755 =amore
614 692 684 737 et‘
710 678 886 758 gratia
921 674 1187 749 valuerit,
1224 677 1459 733 maxime
1501 676 1786 754 cognitum
1819 688 1936 746 est,

226 802 398 858 quum
431 793 554 859 post
586 800 860 837 excessum
890 779 1124 857 Augusti
1156 776 1587 851 tumultuanteS,
1617 789 1672 834 et
1701 778 1759 834 in
1787 777 1937 834 furo-

225 902 341 938 rem
377 902 546 959 usque
579 881 913 959 praecipiteS,
946 878 1093 936 solus
1129 878 1277 935 haud
1312 878 1475 935 dubie
1508 889 1803 955 conspectu
1835 898 1936 934 suo

225 982 390 1039 flexit.
421 983 549 1038 Non
581 983 726 1038 enim
760 983 913 1059 prius
944 980 1303 1052 destiterunt,
1333 1001 1498 1057 quam
1531 979 1775 1057 ablegari
1809 1000 1935 1036 eum

225 1084 296 1140 ob
330 1082 611 1140 seditionis
643 1079 950 1160 periculum
969 1125 984 1150 ‚
1018 1093 1074 1137 et
1106 1081 1163 1136 in
1192 1081 1499 1157 proximam
1535 1082 1813 1138 civitatem
1840 1080 1935 1138 de-

222 1182 506 1244 mandari.
546 1183 1072 1239 animadvertissent.
1109 1183 1265 1237 Tunc
1309 1180 1531 1238 demum
1560 1180 1629 1238 ad
1663 1182 1936 1259 poeniten-

223 1285 354 1340 tiam
383 1284 549 1357 versi,
573 1304 832 1361 reprenso
856 1303 919 1339 ac
951 1294 1167 1338 retento
1198 1280 1476 1355 vehicuIO,
1501 1282 1792 1354 invidiam,
1817 1303 1937 1359 quae

223 1384 326 1440 sibi
359 1383 542 1455 fleret,
572 1382 852 1461 deprecati
883 1394 1027 1440 sunt.

301 1485 371 1539 X.
383 1484 688 1540 Comitatus
707 1496 787 1539 est
802 1494 1013 1561 patrem
1030 1494 1084 1538 et
1100 1481 1156 1538 in
1170 1482 1391 1561 Syriaca
1404 1481 1763 1559 expeditione.
1776 1482 1939 1541 Unde

223 1604 473 1640 reversus
497 1584 737 1661 primum
761 1584 817 1638 in
842 1583 1058 1654 matris,
1085 1582 1306 1655 deinde,
1326 1602 1390 1638 ea
1413 1581 1672 1661 relegata,
1693 1583 1749 1639 in
1770 1585 1937 1640 Liviae

223 1686 485 1761 Augustae
511 1683 748 1760 proaviae
775 1702 885 1739 suae
909 1682 1273 1738 contubernio
1294 1684 1527 1738 mansit:
1553 1704 1720 1759 quam
1745 1683 1939 1740 defun-

220 1795 364 1840 ctam
389 1795 733 1861 praetextatus
760 1784 923 1839 etiam
949 1794 1065 1839 tum
1092 1803 1193 1859 pro
1216 1784 1430 1839 Rostris
1459 1782 1733 1841 laudavit:
1761 1796 1938 1841 trans-

219 1884 390 1960 iitque
415 1882 483 1939 ad
506 1884 802 1940 Antoniam
829 1883 1004 1939 aviam
1021 1924 1037 1955 ,
1059 1894 1111 1938 et
1141 1882 1267 1939 inde
1284 1883 1542 1940 vicesimo
1566 1885 1739 1941 aetatis
1766 1906 1938 1957 ann0‚

220 1984 423 2040 accitus
457 1986 695 2061 Capreas
729 2004 759 2040 a
790 1982 1044 2057 Tiberio,
1076 2003 1188 2040 uno
1217 1995 1381 2061 atque
1414 1983 1607 2041 eodem
1637 1985 1724 2042 die
1754 1998 1938 2064 togam

220 2085 444 2156 sumsit,
466 2083 802 2161 barbamque
827 2084 1034 2162 posuit,
1059 2084 1175 2140 sine
1202 2082 1315 2140 ullo
1344 2084 1555 2142 honore
1570 2129 1586 2157 ‚
1606 2085 1782 2163 qualis
1805 2107 1937 2143 con-

224 2186 422 2263 tigerat
450 2185 705 2241 tirocinio
733 2184 969 2241 fratrum
996 2185 1134 2262 ejuS.
1163 2185 1269 2241 Hic
1298 2186 1554 2244 omnibus
1582 2187 1795 2246 insidiis
1819 2201 1938 2244 ten-

225 2298 368 2343 tatus
405 2283 735 2342 elicientium
768 2285 1191 2363 cogentiumque
1225 2306 1281 2343 se
1311 2270 1397 2343 ad·
1410 2286 1693 2364 querelas,
1729 2288 1937 2346 nullam

226 2406 469 2463 unquam
506 2386 846 2442 occasionem
885 2385 1069 2458 dedit,
1113 2385 1340 2462 perinde
1384 2385 1672 2444 obliterato
1713 2410 1939 2446 suorum

224 2507 383 2558 casu,
413 2507 483 2573 ac¹
503 2487 548 2543 si
577 2485 714 2542 nihil
745 2487 1001 2563 cuiquam
1032 2484 1316 2543 accidisset
1343 2508 1355 2543 :
1386 2508 1508 2563 quae
1534 2508 1666 2545 vero
1698 2490 1813 2566 ipse
1840 2510 1939 2567 pa·

225 2600 446 2661 teretur,
472 2586 779 2644 incredibili
804 2586 1236 2645 dissimulatione
1265 2591 1664 2663 transmittens;
1694 2592 1940 2669 tantique

223 2689 281 2744 in
305 2708 495 2756 avum,
527 2699 581 2744 et
612 2688 708 2765 qui
729 2688 888 2764 juxta
912 2700 1097 2761 erant,
1129 2689 1401 2766 obsequii,
1431 2702 1494 2746 ut
1526 2711 1638 2747 non
1668 2691 1940 2749 immerito

222 2788 292 2844 sit
324 2787 563 2860 dictum,
591 2812 619 2841 α
641 2808 738 2844 nec
772 2808 989 2844 servum
1016 2786 1297 2845 meliorem
1329 2788 1535 2864 ullum,
1570 2812 1671 2848 nec
1699 2791 1938 2849 deterio-

223 2909 337 2944 rem
369 2887 654 2944 dominum
683 2886 863 2944 fuisse.
889 2911 917 2940 >2

308 2991 407 3044 XI.
453 2990 725 3046 Naturam
776 2999 957 3044 tamen
1006 3008 1201 3045 saevam
1252 3002 1417 3067 atque
1466 2992 1790 3068 probrosam
1839 3013 1940 3050 nec

227 3102 361 3146 tunc
390 3088 611 3166 quidem
640 3087 887 3144 inhibere
918 3100 1169 3166 poterat,
1201 3088 1334 3166 quin
1368 3101 1424 3147 et
1455 3091 1961 3171 animadversioni--

225 3189 327 3246 bus
360 3189 641 3267 poenisque
674 3188 744 3245 ad
773 3187 1102 3266 supplicium
1134 3170 1389 3246 datorum
1415 3190 1771 3269 cupidissime
1797 3192 1941 3250 inte-

227 3302 427 3364 resset,
465 3303 521 3347 et
551 3310 749 3368 ganeas
784 3302 948 3367 atque
980 3289 1276 3363 adulteria,
1313 3291 1697 3370 capillamento
1735 3293 1939 3352 celatus
1991 3271 1995 3278 .
