2372 3918
861 288 1282 334 DOMITIANUS.
1881 285 1942 331 65

208 414 305 449 uas
336 406 565 451 tesseras
590 395 647 450 in
674 391 918 470 singulos
941 411 1149 447 cuneos
1174 388 1445 466 equestris
1473 408 1535 444 ac
1567 389 1828 445 senatorii
1857 410 1947 446 or·

205 491 347 549 dinis
382 493 789 571 pronunciavit.

289 596 357 651 V.
405 592 650 651 Plurima
691 604 746 650 et
791 589 1132 670 amplissima
1174 609 1342 668 opera
1389 586 1646 644 incendio
1690 588 1947 644 absumta

207 694 449 751 restituit
480 714 493 749 ε
529 693 586 749 in
598 691 752 769 queis
768 703 824 748 et
857 688 1231 768 Capitolium,
1269 687 1421 767 quod
1461 707 1656 744 rursus
1687 700 1900 744 arserat
1932 710 1944 743 ε

207 795 302 852 sed
342 795 534 851 omnia
577 793 680 850 sub
723 790 883 849 titulo
925 802 1141 848 tantum
1174 810 1307 863 suo,
1342 810 1407 846 ac
1435 789 1553 845 sine
1582 786 1695 844 ulla
1726 788 1946 866 pristini

208 895 450 951 auctoris
486 893 771 950 memoria.
805 892 1021 949 Novam
1051 901 1236 966 autem
1264 890 1523 947 excitavit
1548 887 1723 945 aedem
1754 888 1812 945 in
1841 891 1947 946 Ca-

201 992 397 1071 pitolio
422 992 653 1052 Custodi
680 992 830 1065 Jovi,
867 1004 923 1049 et
954 996 1159 1049 Forum
1179 1036 1194 1061 ‚
1226 989 1378 1069 quod
1408 1011 1559 1047 nunc
1604 993 1813 1050 Nervoe
1852 1011 1949 1046 vo-

198 1105 357 1151 catur
395 1115 410 1150 :
455 1094 589 1150 item
642 1091 842 1149 Flaviae
896 1090 1167 1171 templum
1207 1092 1420 1171 gentiS,
1469 1104 1524 1148 et
1560 1090 1850 1165 Stadium,
1891 1104 1945 1147 et

198 1193 417 1251 Odeum
433 1236 448 1266 ,
465 1205 519 1250 et
546 1194 979 1266 Naumachiam3
1003 1214 1036 1251 e
1064 1193 1225 1271 cujus
1251 1204 1439 1270 postea
1463 1191 1649 1270 lapide
1672 1192 1946 1248 maximus

200 1294 397 1352 Circus
415 1339 432 1366 ,
461 1295 673 1352 deustis
706 1297 971 1373 utrinque
998 1295 1264 1353 lateribus
1283 1338 1299 1366 ‚
1329 1307 1642 1352 exstructus
1677 1307 1776 1352 est.

288 1398 386 1454 VI.
419 1395 816 1474 Expeditiones
846 1398 1048 1475 partim
1079 1409 1279 1475 sponte
1314 1395 1590 1475 suscepit,
1621 1397 1824 1474 partim
1854 1417 1948 1454 ne-

197 1498 464 1568 cessari03
501 1510 731 1575 sponte,
776 1499 834 1554 in
865 1501 1058 1556 Cattos
1088 1517 1103 1554 ε
1139 1498 1476 1570 necessario,
1522 1518 1691 1554 unam
1722 1498 1778 1554 in
1814 1499 1944 1554 Sar-

200 1609 403 1670 matas,
431 1595 651 1675 legione
693 1618 822 1655 cum
864 1596 1045 1676 legato
1076 1596 1240 1655 simul
1269 1618 1429 1670 caesa3
1466 1599 1523 1654 in
1557 1600 1741 1655 Dacos
1772 1597 1909 1655 duas
1930 1641 1946 1670 ,

198 1698 436 1774 primam
485 1699 673 1776 Oppio
720 1689 927 1755 Sabino
970 1697 1252 1756 consulari
1295 1718 1563 1778 oppresso
1588 1741 1604 1772 ,
1640 1699 1943 1755 secundam

197 1796 462 1854 Cornelio
481 1801 660 1855 Fusco
675 1841 698 1879 ,ι
715 1798 976 1876 praefecto
995 1799 1312 1856 cohortium
1338 1800 1824 1876 praetorianarum,
1852 1800 1943 1855 cui

194 1897 327 1955 belli
371 1919 645 1955 summam
690 1900 1062 1957 commiserat.
1110 1902 1197 1958 De
1248 1900 1425 1957 Cattis
1464 1901 1775 1978 Dacisque,
1818 1913 1946 1978 post

195 2000 347 2076 varia
391 1999 613 2077 proelia,
659 1998 940 2079 duplicem
985 2002 1331 2080 triumphum
1370 2004 1503 2079 egit.
1546 2004 1633 2058 De
1678 2003 1944 2058 Sarmatis

196 2099 440 2158 lauream
490 2101 660 2159 modo
708 2101 1027 2181 Capitolino
1062 2103 1189 2160 Jovi
1233 2101 1441 2160 retulit.
1479 2101 1696 2160 Bellum
1744 2102 1907 2159 civile
1928 2146 1944 2177 ,

197 2212 410 2258 motum
427 2222 459 2258 a
482 2205 548 2260 L.
569 2204 839 2276 Antoni0,
864 2205 1164 2283 superioris
1187 2205 1505 2261 Germaniae
1531 2203 1789 2282 praeside,
1813 2225 1947 2261 con-

197 2301 328 2358 fecit
371 2302 599 2374 absens,
646 2302 908 2361 felicitate
957 2306 1131 2376 mira,
1181 2325 1358 2382 quum
1398 2305 1518 2382 ipsa
1570 2304 1945 2362 dimicationis

197 2402 336 2459 hora
358 2401 634 2460 resolutus
662 2417 893 2483 repente
920 2406 1150 2463 Rhenus
1175 2406 1506 2463 transituras
1535 2405 1605 2462 ad
1632 2407 1942 2463 Antonium

197 2505 382 2581 copias
420 2505 793 2563 Barbarorum
834 2507 1179 2564 inhibuisset.
1215 2509 1304 2564 De
1332 2528 1443 2584 qua
1477 2507 1709 2565 victoria
1739 2529 1940 2586 praesa-

197 2605 299 2682 giis
328 2606 507 2683 priuS,
526 2627 694 2684 quam
731 2609 974 2681 nunciiS,
1003 2610 1288 2687 comperit.
1329 2607 1615 2686 Siquidem
1647 2610 1797 2686 ipse,
1827 2630 1942 2687 quo

197 2705 517 2763 dimicatum
542 2720 693 2782 erat,
724 2708 835 2780 die,
867 2720 1104 2766 statuam
1127 2709 1246 2787 ejus
1275 2711 1467 2766 Romae
1497 2710 1729 2789 insignis
1754 2710 1942 2788 aquila

196 2806 565 2886 circumplexa
594 2810 792 2887 pennis
811 2853 827 2883 ,
858 2808 1143 2889 clangores
1172 2808 1480 2868 laetissimos
1503 2810 1677 2868 edidit
1705 2833 1719 2868 :
1753 2810 1943 2890 paulo-

197 2928 306 2983 que
351 2920 506 2986 post,
551 2910 796 2967 occisum
846 2911 1187 2984 Antonium,
1228 2909 1365 2967 adeo
1403 2909 1691 2990 vulgatum
1732 2926 1844 2987 est,
1879 2927 1944 2971 ut

196 3019 364 3084 caput
390 3029 625 3086 quoque
646 3010 766 3087 ejus
801 3023 1159 3089 apportatum
1187 3010 1386 3069 vidisse
1419 3032 1505 3087 se,
1531 3010 1784 3092 plerique
1813 3036 1945 3072 con·

196 3108 503 3165 tenderent.

275 3211 401 3284 VIJ.
450 3209 633 3267 Multa
674 3212 838 3268 etiam
882 3213 940 3270 in
985 3215 1266 3271 communi
1315 3234 1500 3271 rerum
1549 3235 1654 3272 usu
1694 3217 1938 3273 novavit.

198 3307 486 3386 Sportulas
510 3309 759 3389 publicas
785 3311 1035 3386 sustulit,
1065 3327 1316 3372 revocata
1348 3326 1628 3372 rectarum
1656 3335 1939 3374 coenarum

438 3431 502 3468 11.
1663 3415 1697 3474 5
