2372 3918
309 241 383 257 §M'5
389 240 695 259 mmmm
699 237 2015 257 mmmmmmmsstuff

630 448 899 522 AULI
959 443 1337 517 PERSII
1396 445 1688 517 VITA.

1037 705 1288 718 *-

293 870 527 975 Annus
557 917 799 972 Pssnslus
824 915 866 968 F
870 931 1084 969 LAccus
1111 924 1272 969 natus
1298 923 1380 968 est
1406 911 1583 989 pridie
1611 934 1786 971 nouas
1810 914 2019 972 decem·

285 1018 429 1087 bris,
473 1015 640 1073 Fabio
691 1014 938 1084 Persico,
968 1015 1046 1069 L.
1083 1011 1338 1082 Vitellio,
1384 1012 1721 1071 consulibus·
1772 1018 2021 1074 Decessit

283 1130 539 1174 octavum
565 1113 827 1172 kalendas
858 1113 1132 1171 decembr.
1153 1112 1351 1170 Publio
1375 1116 1578 1183 Mari0‚
1606 1116 1801 1172 Asinio
1831 1116 2020 1187 Gallo,

283 1216 617 1275 consulibus
648 1216 825 1273 Natus
850 1216 905 1271 in
939 1216 1161 1271 Etruria
1185 1214 1517 1287 Volaterris‚
1541 1237 1711 1292 eques
1736 1238 2022 1290 romaum,

283 1319 550 1397 sanguine
579 1329 635 1373 et
667 1317 937 1373 affinitate
961 1318 1126 1395 primi
1153 1316 1364 1374 ordinis
1392 1317 1522 1373 viris
1551 1317 1903 1394 conjunctuS,
1930 1319 2024 1375 de·

282 1420 444 1476 cessit
474 1417 543 1474 ad
574 1430 832 1475 octavum
865 1406 1183 1473 milliarium
1218 1418 1304 1472 via
1342 1418 1519 1495 Appia
1555 1419 1611 1474 in
1641 1418 1861 1496 praediis
1886 1421 2020 1476 suis.

283 1523 446 1576 Pater
471 1519 591 1596 ejus
618 1517 846 1582 Flaccus
884 1515 1158 1596 pupillum
1192 1516 1414 1595 reliquit
1440 1520 1707 1591 morienS,
1741 1539 2022 1577 annorum

284 1620 395 1677 fere
441 1641 549 1676 sex.
596 1617 791 1677 Fulvia
833 1619 1081 1675 Sisennia
1130 1631 1308 1675 mater
1344 1620 1530 1696 nupsit
1584 1632 1773 1696 postea
1819 1624 1861 1677 F
1868 1622 2021 1692 usi0‚

280 1722 456 1797 ‘equiti
492 1736 723 1803 romano
757 1742 769 1777 ε
805 1732 857 1776 et
884 1740 1010 1776 eum
1045 1740 1268 1797 quoque
1293 1719 1489 1776 extulit
1518 1722 1664 1778 intra
1691 1742 1897 1798 paucos
1928 1743 2024 1779 an-

286 1822 400 1878 nos'.
440 1821 666 1878 studuit
691 1820 918 1878 Flaccus
945 1842 1119 1897 usque
1151 1820 1218 1876 ad
1256 1841 1464 1877 annum
1491 1821 1883 1879 duodecimum
1915 1825 2025 1879 Vo-

283 1922 498 1980 laterris
524 1944 537 1979 ε
567 1921 693 1979 inde
718 1925 911 1979 Romae
940 1921 1087 1999 apud
1119 1923 1541 2000 grammaticum
1573 1924 1892 1979 Remmium
1924 1926 2025 1980 Pa-

286 2022 601 2094 laemnnem,
630 2035 685 2078 et
714 2022 865 2100 apud
895 2023 1175 2079 rhetorem
1204 2024 1520 2100 virginium
1556 2021 1804 2079 Flavum.
1832 2025 2023 2097 Quum

283 2136 423 2180 esset
456 2144 731 2180 annorum
769 2123 1034 2196 sedecim,
1073 2125 1314 2180 amicitia
1349 2125 1515 2201 coepit
1542 2125 1621 2180 nti
1656 2127 1851 2182 Annaei
1886 2128 2022 2183 Cor-

285 2225 440 2294 nuti,
472 2225 548 2280 ita
579 2235 641 2280 ut
668 2224 736 2280 ab
771 2244 837 2279 eo
866 2245 1137 2300 nusquam
1165 2223 1471 2280 discederet
1499 2247 1512 2280 ε
1549 2246 1580 2280 a
1617 2246 1731 2301 quo
1767 2226 2024 2285 indamus

282 2323 631 2400 aliquatenus
660 2325 716 2379 in
744 2322 1150 2401 philosophiam
1182 2337 1282 2380 est.
1313 2326 1531 2381 Amicos
1563 2325 1758 2382 habuit
1787 2347 1819 2382 a
1844 2330 2024 2405 prima

283 2423 655 2481 adolescentia
694 2426 931 2481 Caesium
978 2427 1208 2483 Bassum
1259 2437 1511 2501 poetam,
1552 2439 1606 2483 et
1650 2426 2022 2505 Calpurnium

283 2527 506 2598 Suram,
549 2526 645 2604 qui
679 2546 745 2583 eo
784 2526 909 2581 vivo
946 2526 1165 2603 juvenis
1203 2526 1451 2582 decessit.
1490 2525 1680 2585 Coluit
1712 2540 1777 2584 ut
1809 2541 2021 2606 patrem

283 2625 580 2682 Servilium
612 2628 951 2684 Nonianum.
985 2628 1089 2682 Per
1117 2628 1432 2684 Cornutum
1463 2630 1723 2706 cognovit
1753 2633 2020 2687 Annaeum

283 2728 446 2783 etiam
503 2729 817 2798 Lucanum,
869 2746 1168 2804 aequaevum
1214 2726 1527 2784 auditorem
1579 2731 1834 2787 Cornuti.
1879 2732 2019 2787 Nam
2076 2742 2079 2745 ’

283 2830 567 2884 Cornutus
600 2825 698 2883 illo
746 2838 993 2903 tempore
1037 2828 1280 2906 tragicus
1317 2827 1447 2899 fuit,
1479 2842 1643 2887 sectae
1679 2832 1891 2903 stoicae,
1928 2834 2020 2909 qui

284 2926 455 2984 libros
481 2926 844 3006 philosophiae
871 2926 1108 3005 reliquit.
1136 2928 1243 2986 Sed
1261 2932 1522 2988 Lucanus
1546 2931 1686 2988 adeo
1716 2933 2024 2989 mirabatur

284 3029 490 3106 scripta
539 3027 745 3101 Flacci,
783 3040 844 3084 ut
879 3029 968 3085 vix
1004 3030 1260 3085 retineret
1300 3051 1356 3088 se
1392 3029 1486 3087 illo
1524 3033 1792 3090 recitante
1841 3054 1869 3089 a
1906 3032 2018 3090 cla-

284 3151 461 3202 more,
484 3126 639 3208 [quin
683 3128 816 3186 «illa
844 3151 961 3186 esse
993 3151 1117 3188 vera
1159 3143 1413 3210 poemata
1434 3157 1459 3185 »
1485 3132 1734 3215 diceret].
1763 3137 1899 3191 Sero
1933 3156 2021 3191 co-

284 3232 475 3307 gnovit
506 3244 559 3286 ct
593 3234 879 3301 Senecam,
922 3231 1011 3288 sed
1060 3253 1168 3289 non
1205 3245 1264 3289 ut
1301 3247 1590 3311 raperetur
1624 3237 1741 3312 ejus
1781 3237 2016 3314 ingenio-
