2372 3918
390 283 482 328 262
1066 279 1114 325 C.
1153 280 1441 326 SUETONH

389 386 493 443 Cui
535 385 649 462 spei
696 384 956 461 pronior,
1012 384 1296 444 Britannia
1340 383 1702 458 Armeniaque
1748 385 1939 440 amissa
1965 428 1979 454 ,
2029 407 2090 442 ac

386 505 577 540 rursus
610 496 841 561 utraque
886 495 1129 560 recepta,
1176 482 1499 540 defunctum
1543 479 1600 539 se
1644 482 1898 540 fatalibus
1936 484 2090 540 malis

384 584 742 641 existimabat.
782 586 862 641 Ut
902 604 1065 656 ver0,
1109 582 1360 641 consulto
1387 583 1617 662 Delphis
1655 583 1935 661 Apolline,
1965 606 2090 662 sep-

387 684 750 761 tuagesimum
779 704 842 740 ac
872 684 1098 739 tertium
1127 703 1332 740 annum
1363 684 1663 741 cavendum
1697 684 1828 754 sibi,
1857 683 2094 756 audivit,

385 785 542 862 quasi
575 804 639 841 eo
671 783 893 840 demum
925 782 1206 856 obituruS,
1238 804 1302 848 ac
1330 782 1466 840 nihil
1503 763 1811 860 conjectans
1838 782 1904 839 de
1937 796 2095 840 aetate

386 882 610 955 Galbae,
657 895 811 940 tanta
851 881 1052 939 fiducia
1095 903 1207 939 non
1254 883 1418 940 modo
1449 895 1751 956 senectam,
1790 883 1885 940 sed
1931 885 2094 941 etiam

384 995 705 1060 perpetuam
728 981 1170 1061 singularemque
1190 985 1441 1060 concepit
1460 983 1795 1055 felicitatem,
1816 997 1903 1057 ut,
1934 986 2097 1042 amis-

387 1084 459 1139 sis
492 1083 780 1162 naufragio
804 1083 1212 1161 pretiosissimis
1237 1083 1402 1158 rebus
1417 1126 1433 1156 ,
1461 1104 1574 1140 non
1598 1083 1930 1147 dubitaverit
1953 1085 2098 1141 inter

383 1203 510 1240 suos
557 1183 772 1256 dicere,
819 1208 846 1236 «
867 1184 1042 1262 pisces
1084 1204 1173 1246 eas
1222 1183 1325 1246 sibi
1372 1180 1704 1245 relaturos»
1752 1184 1985 1262 Neapoli
2030 1185 2098 1240 de

384 1296 539 1340 motu
575 1282 886 1341 Galliarum
934 1285 1190 1362 cognovit
1236 1284 1324 1340 die
1370 1285 1515 1360 ipsc,
1557 1304 1666 1360 quo
1693 1291 1923 1341 matrem
1957 1287 2097 1342 occi-

383 1382 571 1439 derat:
598 1383 847 1460 adeoque
871 1382 1018 1439 lente
1045 1404 1107 1439 ac
1137 1403 1325 1440 secure
1351 1382 1504 1456 tulit,
1531 1395 1595 1439 ut
1619 1383 1905 1461 gaudentis
1934 1386 2096 1441 etiam

386 1483 752 1561 suspicionem
803 1483 1073 1560 praeberet
1094 1525 1110 1554 ,
1153 1495 1417 1559 tanquam
1458 1483 1742 1539 occasione
1789 1495 1919 1539 nata
1973 1504 2099 1561 spo-

381 1581 690 1640 liandarum
744 1583 869 1659 jure
919 1581 1047 1639 belli
1091 1581 1630 1660 opulentissimarum
1674 1583 2096 1660 provinciarum.

387 1684 585 1738 Statim
642 1684 699 1738 in
753 1683 1097 1761 gymnasium
1148 1703 1498 1760 progressu8‚
1551 1694 1820 1739 certantes
1869 1682 2097 1740 athletas

386 1783 711 1840 effusissimo
746 1782 928 1839 studio
958 1783 1240 1859 spectavit.
1272 1784 1452 1839 Coenae
1484 1802 1702 1858 quoque
1731 1794 1977 1860 tempore
2009 1785 2095 1839 in-

381 1882 697 1960 terpellatus
727 1881 1258 1965 'tumultuosioribus
1305 1881 1499 1938 litteris
1520 1925 1536 1953 ,
1581 1883 1844 1939 hactenus
1895 1903 2095 1939 excan-

381 1981 525 2052 duit,
550 1995 614 2038 ut
645 1981 852 2038 malum
881 1982 946 2038 iis
967 2025 982 2054 ,
1009 1985 1104 2058 qui
1138 1981 1463 2055 descissent,
1492 1982 1810 2040 minaretur.
1842 1984 2095 2059 Denique

380 2102 479 2160 per
524 2094 652 2155 octo
684 2083 974 2139 continuos
1021 2082 1133 2138 dies
1175 2103 1286 2138 non
1323 2082 1620 2138 rescribere
1659 2083 1949 2158 cuiquam,
1983 2104 2095 2138 non

381 2182 643 2238 mandare
667 2182 800 2259 quid
833 2194 927 2238 aut
958 2176 1249 2259 praecipere
1275 2195 1532 2255 conatus,
1570 2203 1686 2238 rem
1708 2182 1926 2239 silentio
1957 2182 2095 2239 obli-

381 2282 594 2338 teravit.

457 2383 603 2438 XLI.
636 2381 846 2438 Edictis
888 2381 1109 2438 tandem
1143 2381 1394 2440 Vindicis
1438 2380 1846 2438 contumeliosis
1895 2393 1951 2437 et
1990 2382 2118 2450 fre--

378 2483 674 2559 quentibus
712 2493 1025 2560 permotuS,
1057 2494 1307 2539 senatum
1342 2480 1570 2558 epistola
1613 2482 1671 2536 in
1719 2479 1985 2538 ultionem
2011 2484 2095 2538 sui

378 2583 569 2658 reique
600 2581 833 2659 publicae
875 2581 1195 2641 adhortatus
1232 2594 1345 2653 est,
1388 2592 1645 2636 excusato
1684 2579 1944 2658 languore
1979 2581 2095 2637 fau-

379 2682 552 2752 cium,
602 2692 831 2758 propter
874 2701 1040 2757 quem
1082 2702 1195 2736 non
1243 2680 1465 2737 adesset.
1513 2679 1670 2738 Nihil
1713 2693 1894 2737 autem
1940 2703 2092 2759 aeque

351 2839 353 2842 ,
381 2778 589 2846 doluit,
614 2800 778 2856 quam
811 2792 871 2835 ut
901 2779 1106 2836 malum
1141 2801 1198 2836 se
1233 2780 1595 2837 citharoedum
1628 2782 1957 2859 increpitum
1978 2825 1993 2854 ,
2026 2802 2088 2837 ac

379 2900 484 2956 pro
502 2883 724 2938 Nerone
744 2879 1118 2936 AEnobarbum
1145 2880 1498 2958 appellatum.
1524 2885 1598 2939 Et
1636 2902 1838 2937 nomen
1867 2880 2089 2958 quidem

382 2978 614 3055 gentile,
649 2978 797 3055 quod
835 2980 941 3041 sibi-
968 2999 1068 3057 per
1115 2961 1496 3036 contumeliam
1532 2981 1971 3058 exprobraretur,
1999 3000 2087 3035 re-

382 3090 693 3134 sumturum
733 3099 788 3134 se
827 3078 1101 3156 professus
1139 3091 1253 3151 est,
1287 3080 1532 3158 deposito
1576 3080 1853 3158 adoptivo.
1892 3082 2089 3136 Cetera

382 3178 657 3249 convicia,
687 3190 749 3234 ut
776 3177 935 3250 falsa,
963 3199 1074 3234 non
1105 3177 1213 3234 alio
1240 3192 1561 3256 argumento
1591 3178 1894 3247 refellebat,
1925 3197 2087 3252 quam

382 3275 530 3349 quod
555 3277 718 3332 etiam
747 3278 958 3332 inscitia
989 3277 1089 3332 sibi
1123 3289 1275 3333 tanto
1301 3299 1465 3354 opere
1492 3278 1781 3334 elaboratae
1808 3275 2089 3353 perfectae-
