2372 3918
406 394 422 422 1
435 378 495 436 78
1184 379 1375 424 NOTAE

468 474 751 537 Ergastulis.
784 500 849 508 —
879 475 1139 536 Ergastula
1168 485 1303 521 erant
1337 476 1385 520 in
1422 476 1542 521 villis
1576 476 1680 522 loca
1718 476 2051 537 subterranea,
2082 479 2142 524 ad

399 552 597 598 carceris
621 552 820 597 formam
845 551 1067 612 depressa
1099 560 1145 598 et
1175 554 1383 615 angustis
1413 554 1631 599 distincta
1657 553 1883 600 fenestris.

470 630 902 689 Supprimebantur.
928 631 986 675 H.
1013 647 1051 675 e.
1079 630 1139 676 ad
1170 646 1296 695 opus·
1316 631 1584 676 faciendum
1613 631 2039 678 concludebantur.

473 717 640 763 Tl'tulo.
667 719 850 777 Nempe
868 727 1139 779 proetextu,
1175 726 1230 762 ut
1255 718 1305 762 in
1337 718 1437 763 Liv.
1455 754 1467 777 ‚
1493 735 1655 777 xxvn,
1684 717 1743 774 54
1770 735 1781 764 :
1807 740 1826 760 «
1845 723 2000 778 Quem
2027 720 2145 766 titu-

397 795 497 839 lum
517 794 808 855 praetenditis
825 794 955 854 prius
980 795 1203 840 adversus
1229 795 1499 855 Philippum
1514 831 1526 853 ‚
1552 811 1680 842 nunc
1698 797 1948 842 adversum
1968 797 2145 843 Antio-

400 871 541 916 chum
569 871 696 917 belli.
717 892 736 912 υ

464 959 758 1020 Recognovit.
786 962 877 1004 Per
898 959 1157 1005 Tiberium.
1190 960 1260 1006 Cf.
1293 961 1436 1005 Tc'ber.
1454 996 1470 1017 ‚
1505 977 1618 1007 vn1.

467 1050 702 1094 Eme-ussit.
739 1049 863 1106 Dio,
899 1065 1021 1107 mn,
1057 1066 1105 1110 p.
1143 1056 1232 1110 497
1267 1067 1277 1094 ε
1322 1058 1385 1099 ‘roi
1423 1074 1468 1100 τι
1505 1058 1669 1102 παλαιὰ
1705 1058 1940 1117 συμβόλαια
1973 1063 2053 1099 τῶν
2088 1063 2147 1114 τῷ

396 1140 513 1191 κοινῷ
538 1151 577 1175 τι
611 1134 842 1190 ὀφειλόντων
862 1136 1024 1176 ἔκαυσε.

462 1215 690 1275 Ambc‘guc‘
699 1213 842 1271 juris.
865 1215 974 1259 Seii.
1004 1214 1063 1259 de
1089 1211 1266 1275 quibus
1290 1214 1626 1275 ambigebatur,
1652 1223 1813 1261 utrum
1835 1214 2149 1277 privatorum,

398 1292 483 1352 qui
511 1291 591 1336 illa
616 1291 926 1351 possidebant
942 1296 1138 1350 essent,
1163 1307 1224 1336 an
1246 1307 1363 1338 vero
1386 1293 1599 1353 publica.

460 1379 693 1425 Sordibus,
715 1380 903 1440 'Nempe
932 1378 990 1423 ob
1014 1380 1308 1424 sordidatum
1331 1380 1566 1425 vestitum.

465 1469 709 1530 Repetere.
735 1467 843 1513 scil.
874 1457 1046 1513 iterum
1072 1465 1122 1512 in
1142 1466 1377 1527 judicium
1404 1469 1606 1514 trahere.

462 1554 756 1616 Maleficium
771 1539 1183 1619 negotiumveins
1200 1556 1393 1602 duobus
1418 1557 1577 1603 verbis
1598 1550 1842 1602 actionum
1870 1556 2153 1603 divisionem

396 1633 696 1695 potissimum
734 1626 1111 1694 comprehendit.
1162 1633 1234 1679 Cf.
1275 1635 1464 1679 Domr.
1495 1669 1509 1692 ,
1553 1634 1615 1680 ad
1649 1634 1911 1679 Iustinian.
1950 1636 2104 1681 Iastit.
2135 1668 2151 1690 ,

396 1729 475 1770 xv,
509 1712 554 1757 6.

462 1801 743 1844 Honor-ariis
775 1800 914 1846 ludis,
940 1801 1000 1845 H.
1037 1815 1076 1846 e.
1112 1815 1212 1845 non
1249 1800 1489 1861 publicis,.
1508 1793 1606 1846 si‘ve
1631 1799 1694 1845 ad
1719 1798 1798 1845 dei
1823 1798 2026 1860 alicujus
2048 1802 2153 1846 cul-

395 1888 498 1923 tum
530 1877 799 1936 celebrafis3
827 1877 910 1922 sed
935 1877 997 1922 ad
1019 1887 1278 1937 praetorum
1303 1877 1567 1924 aliorumve
1596 1878 1959 1940 magistratuum
1987 1878 2150 1924 hono-

396 1972 495 2001 rem
534 1955 583 1999 in
613 1954 825 2001 muneris
859 1954 1081 2014 auspiciis
1114 1955 1268 2014 plebis
1302 1949 1593 2010 delectandae
1627 1969 1769 2000 causa
1798 1953 1952 2000 editis.
1987 1954 2151 2012 Quid-

351 2034 355 2036 *
396 2033 518 2094 quid
545 2031 669 2076 enim
693 2047 793 2077 non
829 2047 856 2077 a
879 2040 983 2076 tota
1010 2025 1554 2092 republica'institutum
1584 2040 1714 2090 erat,
1748 2031 1833 2077 sed
1856 2031 1917 2077 ab
1942 2031 2044 2077 aliis
2076 2033 2152 2079 vel

396 2112 581 2156 honore
626 2109 790 2170 aliquo
833 2109 1039 2167 ornatis,
1072 2111 1149 2154 vel
1181 2110 1368 2156 honore
1408 2111 1612 2188 aliquem
1648 2109 1918 2168 ornatui-is,
1944 2109 2154 2155 honora-

398 2190 517 2232 rium
543 2186 808 2244 dicebatur,
827 2186 1030 2231 docente
1054 2187 1121 2231 Cl.
1147 2188 1292 2232 Hase.

465 2278 610 2322 Aemi
633 2292 800 2321 rerum.
828 2275 936 2321 Scil.
960 2274 1153 2334 judiciis
1175 2275 1422 2322 habendis.

467 2354 715 2400 Decurias.
742 2353 866 2399 Vide
889 2369 1060 2414 supra,
1092 2369 1225 2399 xx1x.

463 2443 873 2487 Ducenariorum.
893 2441 1020 2499 Quia
1050 2442 1346 2505 eligebantur
1369 2441 1492 2487 inter
1519 2456 1601 2487 eos
1635 2441 1721 2502 qui
1748 2449 1936 2487 tantum
1968 2439 2155 2486 ducena

397 2521 610 2568 sestertia
647 2518 994 2582 possidebant;
1028 2536 1159 2578 non,
1198 2530 1253 2566 ut
1291 2521 1470 2580 ceteri,
1509 2521 1855 2582 quadringena.

468 2611 732 2655 Tricesimo.
767 2636 834 2643 —
875 2610 937 2652 V
917 2625 1105 2655 zceszmo
1135 2609 1250 2670 legit
1285 2609 1354 2654 Cl.
1390 2610 1522 2653 Hase
1559 2624 1620 2655 ex
1657 2607 1892 2654 emendat.
1931 2579 2120 2666 Cnjacc.
2142 2637 2155 2661 ,

399 2703 544 2748 quam
567 2688 775 2747 probant
798 2687 1065 2754 Casaubon.
1092 2694 1138 2732 et
1176 2673 1560 2749 Bynkersboch.‚
1588 2687 1775 2734 observ.
1789 2684 1942 2745 juris,
1966 2698 2046 2742 vx,
2077 2698 2149 2739 17.

463 2765 644 2809 Mense.
670 2763 732 2808 Hi
757 2763 856 2808 duo
881 2780 1064 2810 menses
1085 2763 1348 2825 praesertim
1371 2763 1496 2810 ludis
1520 2764 1745 2825 feriisque
1770 2763 2025 2822 dabantur.

465 2853 574 2899 Cn.
608 2853 847 2896 XXXIII.
874 2852 969 2896 Pro
993 2852 1226 2897 tribunali.
1252 2852 1365 2896 Non
1388 2860 1458 2896 est
1488 2854 1590 2896 Ioco
1625 2851 1902 2904 tribunalis,
1932 2847 2017 2895 sed
2039 2853 2153 2891 ame

399 2929 618 2972 tribunal.
1276 2977 1279 2979 ,
1446 2986 1452 2992 ·
1565 2973 1567 2975 .

468 3009 748 3052 Insueretur.
781 3007 929 3064 Quod
954 3015 1056 3070 erat
1088 3007 1436 3068 parricidarum
1459 3005 1748 3069 supplicium
1783 3020 1843 3050 ex
1873 3007 1978 3066 lege
2002 3005 2152 3049 Pom-

396 3085 529 3145 peia.
1403 3140 1407 3141 ⁷

467 3171 576 3216 Non
607 3172 829 3217 occidisti.
854 3173 1153 3218 Abnutivum
1178 3183 1457 3234 responsum
1481 3171 1650 3218 elicere
1673 3154 1923 3227 studebat,
1944 3182 2007 3213 ne
2028 3178 2151 3211 con·

400 3246 579 3305 victus,
607 3264 709 3292 non
732 3258 891 3294 tamen
916 3250 1184 3303 confessus,
1208 3266 1399 3311 poenam
1420 3248 1669 3309 parricidii
1701 3246 1896 3292 subiret.

473 3337 760 3397 Signatores.
787 3339 845 3383 H.
873 3353 913 3382 e.
938 3347 1080 3384 testes
1102 3355 1191 3399 per
1213 3355 1338 3400 quos
1368 3346 1702 3384 testamentum
1726 3333 2084 3396 obsignabatur.

474 3414 878 3477 Cognoscentibus.
909 3417 1009 3461 Hac
1041 3416 1102 3461 de
1126 3431 1265 3461 causa
1296 3431 1405 3460 cum
1438 3416 1542 3476 ipso
1564 3412 1903 3473 judicantibus.
