2372 3918
904 311 1225 358 calcum.
1834 327 1924 376 ,99

221 400 350 474 dum
391 430 540 491 erat,
576 417 730 495 pueri
775 414 980 471 nobiles
1020 434 1084 470 ex
1130 414 1250 471 Asia
1290 412 1358 469 ad
1398 413 1636 471 edendas
1673 417 1726 472 in
1762 436 1925 474 scena

221 540 411 597 operas
442 519 651 576 evocati
681 526 1152 596 praepararentur3
1187 526 1247 570 ut
1284 533 1376 571 eos
1412 515 1705 592 inspiceret
1732 517 1922 574 horta·

222 632 514 696 returque‚
556 617 770 675 restitit.
803 619 938 687 ‘Ac‚
978 616 1079 673 nisi
1123 616 1378 694 princeps
1399 615 1600 700 ,gregis
1644 612 1828 692 algere
1870 635 1927 671 se

221 718 425 775 diceret
450 761 465 790 ,
513 716 691 775 redire
744 736 808 772 ac
859 727 1247 793 repraesentare
1304 712 1676 791 spectaculum
1734 712 1923 771 voluit.

220 816 437 896 Duplex
466 816 665 873 dehinc
692 815 835 872 fama
862 827 960 872 est.
987 813 1095 871 Alii
1118 805 1372 882 tradunt,
1396 811 1698 891 alloquenti
1726 833 1925 891 pueros

220 938 251 972 a
287 929 439 995 tergo
471 916 753 973 Chaeream
795 914 1057 972 cervicem
1096 913 1279 991 gladio
1317 915 1495 971 caesim
1529 914 1770 991 graviter
1805 933 1928 991 per-

218 1017 473 1083 cussisse,
498 1016 772 1093 praemissa
795 1035 952 1087 voce,
977 1039 1004 1067 «
1023 1018 1142 1070 Hoc
1172 1012 1298 1091 age!
1322 1038 1350 1066 »
1378 1014 1576 1069 dehinc
1603 1012 1926 1069 Cornelium

221 1099 517 1187 Sabinum,
556 1114 787 1172 alterum
829 1135 859 1170 e
897 1115 1199 1191 conjuratis
1239 1113 1561 1179 tribunum,
1602 1133 1667 1169 ex
1700 1112 1928 1170 adverso

218 1216 490 1292 trajecisse
519 1227 726 1293 pectus.
757 1213 895 1287 Alii,
928 1213 1223 1287 Sabinum,
1254 1226 1526 1272 summota
1555 1234 1650 1291 per
1676 1214 1926 1270 conscios

218 1317 560 1372 centuriones
606 1316 800 1386 turba,
843 1316 1059 1394 signum
1110 1335 1262 1371 more
1312 1312 1518 1371 militiae
1563 1314 1797 1391 petisse,
1837 1325 1926 1386 et,

218 1417 352 1472 Caio
375 1419 559 1474 Iovem
593 1415 788 1488 dante,
815 1416 1099 1473 Chaeream
1129 1414 1486 1485 exclamasse,
1518 1439 1545 1467 α
1577 1414 1781 1492 Accipe
1815 1415 1924 1471 ira·

221 1513 362 1571 tum!
394 1540 420 1568 »
462 1518 878 1594 respicientique
921 1514 1197 1573 maxillam
1242 1515 1351 1572 ictu
1398 1514 1696 1571 discidisse.
1734 1518 1927 1571 Jacen-

219 1627 366 1684 tem,
417 1617 820 1693 contractisque
866 1616 1126 1672 membris
1172 1613 1543 1671 clamitantem
1595 1636 1651 1670 se
1706 1616 1925 1685 vivere,

218 1716 383 1770 ceteri
408 1714 725 1771 vulneribus
752 1717 973 1793 triginta
998 1715 1368 1771 confecerunt.
1393 1717 1535 1772 Nam
1562 1715 1782 1791 signum
1809 1727 1928 1770 erat

218 1815 485 1884 omnium,
510 1838 536 1866 «
557 1814 782 1894 Repete!
799 1840 825 1867 »
853 1814 1094 1888 Quidam
1119 1816 1280 1870 etiam
1309 1834 1408 1890 per
1433 1814 1686 1870 obscoena
1717 1813 1922 1869 ferrum

220 1913 537 1992 adegerunt.
568 1914 651 1970 Ad
681 1916 918 1992 primum
949 1913 1248 1970 tumultum
1278 1913 1540 1970 lecticarii
1573 1934 1699 1969 cum
1728 1915 1919 1969 asseri·

219 2014 320 2069 hus
351 2014 406 2069 in
435 2012 699 2071 auxilium
729 2027 1190 2071 accucurrerunt:
1224 2035 1352 2070 mox
1382 2014 1648 2071 Germani
1679 2014 1926 2091 corporis

217 2113 465 2168 custodes
487 2135 498 2168 :
520 2135 583 2169 ac
610 2112 905 2171 nonnullos
928 2135 994 2170 ex
1017 2115 1449 2192 percussoribus,
1467 2113 1734 2190 quosdam
1760 2113 1923 2169 ctiam

219 2224 493 2268 senatores
526 2214 802 2286 innoxiOS‚
835 2215 1244 2270 interemerunt.

299 2315 443 2368 LIX.
473 2314 625 2369 Vixit
655 2314 813 2369 annis
847 2314 1218 2392 undetriginta
1244 2335 1255 2370 ε
1284 2315 1571 2391 imperavit
1601 2313 1840 2369 triennio
1869 2324 1924 2369 et

220 2412 406 2468 decem
435 2414 742 2485 mensibus,
774 2413 1073 2490 diebusque
1106 2426 1247 2470 oct0.
1277 2414 1526 2471 Cadaver
1552 2415 1669 2490 ejus
1701 2412 1841 2470 clam
1874 2414 1929 2468 in

220 2513 409 2568 hortos
440 2513 735 2570 Lamianos
774 2526 1114 2591 asportatum
1136 2559 1150 2585 ‚
1185 2526 1240 2570 et
1279 2513 1638 2571 tumultuario
1673 2533 1808 2591 rogo
1849 2533 1932 2569 se-

221 2612 644 2686 miambustum,
693 2612 799 2669 levi
845 2614 1047 2691 cespite
1094 2615 1355 2670 obrutum
1407 2626 1488 2670 est
1534 2635 1546 2669 :
1597 2626 1786 2691 postea
1834 2633 1932 2690 per

224 2731 437 2766 sorores
482 2711 550 2767 ab
584 2710 774 2768 exsilio
816 2733 1061 2770 reversas
1094 2725 1344 2786 erutum,
1380 2726 1434 2769 et
1472 2724 1774 2769 crematum
1796 2754 1812 2784 ‚
1847 2732 1931 2768 se-

224 2810 565 2887 pultumque.
610 2811 752 2867 Satis
786 2824 1029 2882 constat,
1070 2814 1388 2890 priusquam
1429 2813 1485 2869 id
1523 2813 1706 2884 fieret,
1746 2812 1934 2868 horto-

227 2931 346 2965 rum
379 2910 628 2966 custodes
662 2911 870 2967 umbris
900 2911 1230 2987 inquietatos
1256 2933 1267 2966 t
1301 2912 1356 2967 in
1387 2932 1449 2967 ea
1479 2933 1699 2989 quoque
1734 2910 1933 2980 domo,

227 3012 281 3065 in
313 3030 421 3086 qua
460 3010 816 3081 occubuerit,
849 3008 1055 3066 nullam
1096 3022 1311 3067 noctem
1353 3011 1468 3066 sine
1501 3010 1685 3088 aliquo
1729 3023 1935 3066 terrore

226 3121 555 3165 transactam
576 3153 591 3182 ‚
626 3109 799 3166 donec
843 3111 960 3187 ipsa
999 3108 1196 3165 domus
1231 3109 1485 3165 incendio
1521 3121 1808 3165 consumta
1844 3108 1928 3163 sit.

225 3210 395 3265 Periit
430 3230 540 3265 una
577 3220 631 3265 et
668 3230 804 3265 uxor
834 3211 1111 3281 Caesonia,
1153 3208 1331 3287 gladio
1370 3231 1400 3265 a
1434 3210 1755 3266 centurione
1800 3228 1933 3264 con-

230 3308 398 3382 fossa,
433 3322 485 3365 et
520 3308 625 3365 fllia
663 3311 851 3388 parieti
889 3309 1039 3367 illisa.
1719 3307 1722 3311 ⁴
