2372 3918
374 294 465 341 236
1048 293 1097 339 C.
1135 293 1421 340 SUETONII

373 400 606 455 Notatus
644 397 716 453 ob
757 398 870 452 haec
910 408 963 451 et
1004 398 1203 452 sororis
1241 397 1393 473 joc0‚
1437 396 1787 472 querentibus
1844 398 2074 455 dominis

374 498 703 568 factionum,
765 520 793 549 ει
819 495 1258 572 repraesentanda
1312 498 1533 574 praemia
1597 498 1651 551 in
1712 510 1989 575 posterum
2009 543 2024 572 ,
2051 526 2076 551 »

374 597 565 652 sanxit.
600 597 902 673 Majestatis
943 615 1190 671 quoque,
1225 607 1280 650 et
1317 595 1743 669 adulteriorum,
1778 597 2077 674 incestique

373 718 498 753 cum
528 718 714 753 sorore
741 694 976 772 Lepida,
996 695 1097 750 sub
1126 715 1344 751 excessu
1372 696 1575 755 Tiberii
1599 718 1721 752 reus
1739 739 1754 769 ,
1778 699 2078 754 mutatione

372 810 679 874 temporum
710 796 905 868 evasit;
937 794 1272 871 decessitque
1294 796 1487 872 Pyrgis
1513 797 1707 854 morbo
1736 818 1889 874 aquae
1921 799 2079 853 inter-

371 899 535 970 cutiS,
575 895 790 953 sublato
838 893 957 952 filio-
991 897 1214 952 Nerone
1255 915 1321 951 ex
1372 896 1703 973 Agrippina,
1751 898 2078 953 Germanico

371 997 570 1075 genita.

450 1100 546 1154 VI.
580 1099 730 1155 Nero
757 1110 919 1155 natus
944 1110 1026 1155 est
1049 1095 1197 1155 Antii
1228 1109 1351 1174 post
1374 1099 1581 1153 nonum
1612 1118 1882 1168 mensem,
1913 1118 2077 1173 quam

370 1196 617 1253 Tiberius
670 1199 930 1270 excessit,
981 1197 1418 1254 duodevicesimo
1465 1196 1721 1253 kalendas
1769 1198 2046 1273 januarias
2064 1241 2078 1263 ‚

374 1308 588 1352 tantum
609 1296 758 1373 quod
787 1297 1064 1353 exoriente
1086 1296 1199 1353 sole
1215 1340 1230 1368 ,
1251 1318 1403 1374 paene
1434 1309 1495 1352 ut
1513 1296 1678 1352 radiis
1700 1298 1881 1372 priuS‚
1912 1317 2076 1372 quam

371 1408 549 1467 terra,
583 1397 1005 1473 contingeretur.
1038 1399 1122 1452 De
1164 1399 1416 1474 genitura
1451 1397 1568 1472 ejus
1605 1396 1788 1451 statim
1820 1395 1991 1450 multa
2026 1409 2081 1451 et

371 1494 722 1551 formidolosa
760 1494 949 1552 multis
989 1497 1451 1573 conjectantibus,
1483 1497 1742 1573 praesagio
1786 1495 1888 1552 fuit
1919 1497 2081 1551 etiam

371 1595 602 1650 Domitii
639 1597 808 1674 patris
848 1617 988 1668 vox,
1033 1597 1178 1652 inter
1215 1596 1602 1674 gratulationes
1642 1597 1940 1652 amicorum
1986 1616 2080 1651 ne-

370 1696 545 1772 gantis
563 1739 578 1764 ‚
609 1696 900 1773 quicquam
921 1717 985 1752 ex
1016 1683 1074 1752 se
1101 1709 1155 1752 et
1186 1697 1523 1773 Agrippina,
1554 1697 1658 1751 nisi
1689 1695 2002 1752 detestabile
2027 1709 2079 1752 et

372 1793 516 1851 malo
547 1794 793 1872 publico,
825 1797 973 1852 nasci
1001 1797 1258 1872 potuisse.
1285 1795 1543 1872 Ejusdem
1571 1795 1767 1872 futurae
1800 1794 2080 1852 infelicita-

372 1895 442 1950 tis
473 1895 690 1972 signum
720 1895 940 1951 evidens
972 1895 1059 1951 die
1086 1894 1310 1960 lustrico
1339 1895 1542 1958 exsti-tit
1573 1917 1586 1949 ε
1622 1916 1752 1950 namv
1783 1897 1845 1951 C.
1881 1897 2078 1960 Caesar,

369 2007 598 2071 rogante
634 2016 844 2067 sorore,
876 2007 939 2051 ut
968 1995 1194 2067 infanti,
1227 1994 1376 2071 quod
1415 1993 1609 2066 vellet,
1652 2015 1850 2050 nomen
1889 1994 2081 2066 daret,

370 2096 590 2150 intuens
623 2093 916 2151 Claudium
946 2108 1217 2174 patruum·
1236 2115 1396 2150 suum
1414 2138 1430 2167 ‚
1460 2115 1492 2149 a
1519 2115 1630 2171 quo
1665 2115 1792 2149 mox
1835 2095 2081 2171 principe

368 2196 518 2251 Nero
551 2195 840 2272 adoptatus
868 2208 982 2269 est,
1017 2197 1134 2272 ejus
1165 2217 1222 2252 se
1256 2196 1391 2252 dixit
1423 2194 1553 2251 dare
1587 2218 1601 2252 z
1638 2216 1815 2273 neque
1854 2199 1969 2275 ipse
2000 2219 2081 2254 se-

369 2296 489 2366 ri0‚
534 2294 628 2350 sed
672 2315 768 2370 per
807 2296 1021 2372 jocum,
1070 2308 1124 2351 et
1166 2309 1491 2373 aspernante
1544 2298 1887 2374 Agrippina,
1932 2298 2080 2372 quod

370 2407 488 2450 tum
507 2393 768 2451 Claudius
795 2396 936 2453 inter
963 2394 1201 2452 ludibria
1227 2395 1364 2451 aulae
1396 2409 1529 2451 erat.
1561 2395 1840 2451 Trimulus
1870 2409 2078 2474 patrem

367 2494 586 2550 amisit:
610 2496 766 2572 cujus
796 2516 859 2551 ex
890 2507 1046 2572 parte
1075 2497 1233 2550 tertia
1262 2497 1445 2567 herm,
1477 2516 1546 2550 ne
1578 2496 1720 2551 hanc
1746 2495 1967 2572 quidem
1997 2496 2080 2549 in-

370 2607 576 2671 tegram
609 2596 787 2671 cepit,
817 2595 1082 2670 correptis
1111 2615 1211 2671 per
1238 2594 1561 2650 coheredem
1592 2596 1786 2651 Caium
1817 2596 2081 2650 universis

368 2693 526 2749 bonis
558 2714 571 2748 ε
604 2690 660 2747 et
684 2693 912 2749 subinde
941 2705 1118 2748 matre
1139 2694 1303 2749 etiam
1330 2692 1568 2771 relegata
1585 2738 1599 2765 ‚
1631 2715 1783 2771 paene
1811 2696 1969 2772 inops
2000 2707 2082 2751 at-

368 2813 474 2868 que
526 2813 720 2870 egenS,
768 2793 915 2872 apud
971 2795 1194 2850 amitam
1237 2795 1501 2872 Lepidam
1547 2795 1787 2851 nutritus
1825 2807 1938 2867 est,
1982 2796 2080 2850 sub

369 2892 585 2949 duobus
607 2892 916 2971 paedagogis
931 2939 945 2963 ‚
973 2893 1226 2951 saltatore
1248 2906 1412 2971 atque
1433 2906 1669 2950 tonsore.
1691 2891 1897 2951 Verum
1922 2893 2081 2951 Clau-

369 2992 460 3047 dio
495 2992 787 3070 imperium
817 2993 1045 3070 adepto,
1076 3015 1188 3050 non
1220 2993 1395 3050 solum
1419 3006 1673 3071 paternas
1703 3014 1832 3070 opes
1860 3013 2081 3068 recupe-

370 3093 536 3164 ravit,
559 3093 653 3148 sed
677 3104 732 3148 et
753 3093 930 3171 Crispi
956 3094 1196 3149 Passieni
1221 3094 1400 3148 vitrici
1429 3095 1512 3149 sui
1544 3094 1844 3149 hereditate
1876 3092 2078 3146 ditatus

369 3203 465 3247 est.
513 3194 708 3249 Gratia
755 3193 977 3269 quidem
1020 3205 1077 3248 et
1117 3193 1359 3268 potentia
1402 3174 1664 3249 revocatae
1709 3192 2075 3266 restitutaeque

372 3293 557 3347 matris
595 3312 763 3368 usque
793 3312 857 3347 eo
890 3293 1109 3368 floruit,
1147 3304 1207 3346 ut
1246 3303 1521 3347 emanaret
1556 3293 1608 3346 in
1644 3290 1860 3367 vulguS‚
1890 3290 2079 3345 missos

2316 1752 2318 1754 ⁴
2337 1710 2342 1719 -
2313 1379 2341 1666 ,διηνθικώῂψ
2319 1345 2338 1356 ,“
