2372 3918
891 289 1333 336 VESPASIANUS.
1931 289 1956 334 t.
1969 307 1984 335 ι

256 418 406 454 mam
460 395 771 453 rationibus
808 391 974 451 vellet
1019 392 1247 464 inferri3
1284 417 1311 445 «
1335 394 1748 468 Vespasiau0,»
1784 393 1961 469 inquit
1983 436 1999 462 ,

249 523 276 550 α
299 497 574 555 adamato,
595 521 624 551 u

332 602 543 657 XXIII.
575 597 848 655 Utebatur
876 607 933 654 et
969 595 1218 654 versibus
1246 595 1439 675 graecis
1481 596 1807 672 tempestive
1831 598 1963 652 satis
1981 639 1995 665 ,

251 714 312 758 ut
344 701 413 759 de
437 700 679 779 quodam
710 716 956 777 procerae
978 709 1237 769 staturae,
1271 696 1693 775 improbiusque
1724 708 1890 752 nato:

479 854 634 914 Μακρὰ
664 854 808 908 βιβάς,
834 850 1026 912 κραδάων
1059 850 1315 910 δολιχόσκιον
1349 854 1479 912 ἔγχος·
1517 916 1519 918 v

250 998 306 1044 et
349 986 417 1044 de
445 981 652 1044 Cerulo
686 981 913 1055 libert0,
943 983 1039 1060 qui
1077 980 1229 1038 dives
1273 979 1576 1038 admodum
1612 979 1687 1036 ob
1725 979 2001 1037 subterfu-

245 1086 507 1166 giendum
531 1081 867 1163 quandoque
893 1083 986 1161 jus
1019 1082 1171 1156 fisci,
1202 1082 1507 1160 ingenuum
1538 1101 1596 1138 se
1617 1092 1674 1137 et
1698 1080 1997 1137 Lachetem

245 1200 460 1246 mutato
491 1186 718 1244 nomine
750 1197 998 1263 coeperat
1031 1183 1200 1254 serre,
1248 1174 1287 1241 εἷ
1319 1180 1559 1256 Λάχης,
1591 1179 1832 1257 Λάχης,
1869 1179 2001 1240 ὲπᾶν

246 1286 529 1365 ἀποθάνῃς,
558 1280 733 1354 αὖθις
769 1283 1005 1370 ἐξαρχῆς
1035 1282 1134 1360 ’ἔσῃ
1169 1284 1429 1363 Κήρυλος.
1449 1287 1695 1343 Maxime
1718 1299 1904 1343 tamen
1925 1286 2003 1342 di-

244 1394 534 1449 cacitatem
569 1390 868 1451 affectabat
912 1392 970 1448 in
1009 1389 1352 1447 deformibus
1399 1387 1601 1461 lucris,
1634 1399 1698 1445 ut
1730 1386 1996 1444 invidiam

246 1492 432 1570 aliqua
479 1491 830 1550 cavillatione
884 1490 1155 1565 dilueret,
1218 1490 1655 1568 transferretque
1704 1488 1777 1547 ad
1834 1487 1994 1546 sales.

247 1594 563 1668 Quemdam
609 1615 640 1650 e
682 1595 827 1651 caris
876 1594 1180 1664 ministriS,
1215 1592 1683 1671 dispensationem
1727 1589 1951 1648 cuidam
1984 1634 1998 1659 ‚

245 1696 402 1772 quasi
446 1695 639 1768 fratri,
675 1707 961 1774 petentem
994 1715 1169 1772 quum
1219 1692 1548 1762 distulisset,
1590 1693 1773 1770 ipsum
1813 1692 2002 1778 candi:

246 1796 437 1853 datum
486 1796 557 1853 ad
606 1817 664 1853 se
705 1797 954 1869 vocavit3
989 1808 1291 1872 exactaque
1325 1794 1592 1872 pecunia,
1633 1805 1902 1871 quantam
1955 1794 1999 1849 is

242 1917 370 1954 cum
415 1893 784 1976 suffragatore
821 1918 924 1954 suo
963 1898 1288 1976 pepigerat,
1334 1897 1453 1952 sine
1491 1915 1649 1952 mora
1701 1895 1999 1951 ordinavit.

242 1997 624 2078 Interpellanti
663 2020 795 2056 mox
820 1995 1104 2069 ministro,
1142 2024 1169 2052 «
1193 1997 1383 2057 Alium
1415 1998 1543 2070 tibi,
1571 2022 1598 2050 2>
1627 1998 1733 2071 ait,
1760 2021 1787 2049 κ
1810 2017 1996 2075 quaere

241 2100 466 2157 fratrem
504 2123 517 2156 :
557 2101 675 2175 hic,
711 2121 877 2180 quem
912 2114 1072 2158 tuum
1099 2113 1288 2180 putaS,
1319 2121 1474 2157 meus
1502 2112 1603 2156 est.
1631 2107 1660 2152 ἢ
1685 2096 2000 2156 Mulionem

242 2202 301 2257 in
341 2202 539 2271 itinere
572 2200 820 2279 quodam
845 2203 1160 2281 suspicatus
1187 2201 1256 2259 ad
1283 2201 1599 2259 calciandas
1629 2199 1811 2260 mulas
1856 2199 1999 2257 desi·

242 2301 433 2373 luisse,
462 2315 523 2360 ut
547 2302 773 2360 adeunti
800 2300 1068 2381 litigatori
1087 2303 1329 2381 spatium
1347 2322 1677 2380 moramque
1694 2288 1966 2379 praeberet
1982 2345 1997 2372 ‚

242 2409 632 2487 interrogavit,
673 2433 701 2461 «
726 2408 941 2481 Quanti
977 2406 1304 2465 calciasset?
1330 2431 1357 2460 >³
1396 2419 1704 2484 pactusque
1738 2417 1821 2462 est
1856 2403 2000 2465 lucri

242 2521 473 2588 partem.
514 2508 967 2588 Reprehendenti
995 2507 1111 2566 filio
1141 2509 1300 2580 Tito,
1330 2506 1481 2586 quod
1513 2508 1680 2564 etiam
1709 2508 1884 2563 urinae
1911 2528 2000 2562 ve·

239 2612 408 2690 ctigal
450 2625 797 2672 commentus
842 2623 1007 2686 esset,
1052 2610 1348 2690 pecuniam
1390 2629 1457 2666 ex
1503 2610 1683 2687 prima
1728 2609 1999 2686 pensione

240 2712 488 2771 admovit
528 2714 598 2772 ad
635 2735 830 2788 nares,
879 2714 1191 2786 sciscitans,
1234 2736 1262 2764 α
1289 2732 1425 2770 num
1464 2710 1637 2768 odore
1681 2709 1995 2768 offendere-

242 2827 367 2888 tur;
393 2840 420 2869 »
455 2829 510 2873 et
544 2814 640 2874 illo
678 2828 948 2895 negante,
975 2818 1220 2894 «Atqui,
1245 2841 1272 2868 »
1312 2815 1520 2893 inquit,
1548 2838 1575 2867 «
1600 2835 1631 2871 e
1665 2811 1802 2870 lotio
1845 2826 1944 2869 est.
1973 2836 2001 2865 »

240 2918 587 2975 Nunciantes
617 2916 852 2997 legatOS‚
879 2916 1198 2975 «decretam
1231 2918 1281 2974 ei
1306 2915 1530 2995 publice
1556 2937 1672 2974 non
1699 2915 1992 2972 mediocris

239 3039 470 3076 summae
504 3032 743 3076 statuam
769 3017 1150 3091 colosseam,»
1180 3019 1375 3096 jussit,
1408 3015 1491 3074 vel
1525 3019 1795 3074 continuo
1822 3036 1994 3094 pone·

239 3132 393 3193 rent,
425 3141 619 3177 cavam
653 3140 882 3177 manum
914 3131 1232 3189 ostentans,
1259 3131 1315 3175 et
1339 3143 1365 3171 «
1391 3131 1641 3196 paratam
1670 3118 1830 3174 basin
1857 3142 1883 3170 »ι
1910 3116 1997 3173 di-

239 3242 384 3278 cens,
419 3224 496 3280 Ac
522 3243 593 3280 ne
623 3224 680 3279 in
706 3233 859 3279 metu
890 3220 1116 3300 quidem
1145 3242 1209 3278 ac
1237 3218 1485 3299 periculo
1516 3221 1712 3276 mortis
1744 3231 1994 3276 extremo

238 3321 507 3380 abstinuit
536 3324 694 3401 jocis,
725 3326 868 3383 Nam
896 3345 1070 3404 quum
1104 3324 1250 3380 inter
1284 3335 1466 3379 cetera
1492 3321 1748 3400 prodigia
1773 3322 1999 3378 Mauso-

1698 3430 1752 3496 4.
