2372 3918
404 259 463 303 86
993 303 995 305 ,
1078 257 1129 301 C.
1165 255 1408 303 SUETON
1412 256 1459 301 11

482 362 638 418 VIII.
675 362 753 416 M.
781 357 1085 437 Pompilius
1117 358 1492 432 AndronicUS,
1522 358 1744 417 natione
1777 361 1974 438 SyruS,
1996 373 2128 437 *stu-

403 462 496 518 dio
531 461 798 539 epicureae
831 472 988 521 sectae
1028 458 1352 518 desidiosior
1389 461 1446 518 in
1479 458 1817 538 professione
1850 482 2124 539 gramma-

400 563 524 619 ticae
549 561 870 633 habebatur,
896 559 1189 636 minusque
1220 558 1450 619 idoneus
1472 558 1541 617 ad
1573 559 1835 619 tuendam
1863 561 2128 619 scholam.

400 664 623 739 Itaque,
649 682 824 738 quum
852 682 909 718 se
937 662 995 718 in
1018 660 1174 718 Urbe
1200 681 1313 720 non
1342 660 1521 720 solum
1544 661 1788 719 Antonio
1813 662 2128 739 Gniphoni,

403 752 498 820 sed
532 762 727 819 ceteris
759 760 927 819 etiam
969 760 1334 820 deterioribus
1362 762 1621 840 postponi
1651 761 1892 834 videret,
1922 765 2130 820 Cumas

403 862 653 935 transiit,
694 862 882 939 ibique
915 862 973 919 in
1008 863 1124 919 otio
1155 863 1319 936 vixit,
1358 874 1412 920 et
1441 861 1617 919 multa
1647 863 1955 940 composuit
1990 884 2004 919 z
2036 884 2131 920 ve-

402 985 529 1025 rum.
561 963 698 1021 adeo
729 964 890 1041 inops
924 975 1090 1040 atque
1120 983 1318 1041 egens,
1348 975 1410 1021 ut
1440 976 1662 1023 coactus
1690 965 1762 1021 sit
1790 964 2132 1042 praecipuum

403 1063 546 1124 illud
575 1063 905 1142 opusculum
940 1084 1101 1121 suum
1140 1063 1423 1124 annalium
1460 1064 1628 1124 Ennii
1656 1063 2011 1123 elenchorum
2047 1085 2134 1121 se-

403 1164 579 1222 decim
612 1163 857 1224 millibus
893 1184 1186 1223 nummum
1220 1163 1439 1222 cuidam
1469 1163 1708 1221 vendere
1742 1186 1755 1221 :
1791 1185 1931 1241 quos
1963 1163 2135 1222 libros

403 1263 654 1323 Orbilius
701 1285 1024 1342 suppressos
1067 1264 1361 1323 redemisse
1408 1285 1466 1322 se
1507 1265 1672 1336 dixit,
1716 1262 2135 1342 vulgandosque

403 1385 623 1422 curasse
655 1366 881 1420 nomine
910 1365 1164 1421 auctoris,

480 1467 580 1522 IX.
635 1463 884 1523 Orbilius
921 1463 1174 1542 Pupillus
1219 1468 1664 1538 BeneventanuS,
1710 1475 1890 1524 morte
1937 1485 2139 1542 paren-

402 1579 521 1624 tum
542 1609 558 1640 ,
608 1587 719 1627 una
758 1577 926 1642 atque
960 1564 1150 1625 eadem
1191 1565 1279 1622 die
1313 1567 1665 1626 inimicorum
1710 1564 1840 1623 dolo
1877 1565 2138 1623 interem-

403 1679 618 1739 torum,
643 1666 966 1740 destitutuS,
999 1667 1184 1744 primo
1207 1667 1586 1744 apparituram
1613 1664 2028 1743 magistratibus
2055 1664 2138 1721 fe-

404 1769 480 1825 cit
508 1788 522 1823 ε
549 1767 748 1825 deinde
775 1768 833 1823 in
860 1767 1193 1825 Macedonia
1225 1766 1543 1840 corniculo,
1572 1788 1703 1824 mox
1727 1787 1871 1843 equo
1897 1767 2099 1824 meruit
2128 1787 2140 1820 ε

403 1868 739 1946 functusque
761 1867 979 1939 militia,
1003 1868 1184 1925 studia
1208 1869 1448 1945 repetiit,
1477 1888 1600 1944 quae
1620 1867 1734 1943 jam
1758 1865 1890 1923 inde
1914 1887 1946 1925 a
1967 1886 2142 1943 puero

405 1990 522 2025 non
551 1967 746 2025 leviter
774 1970 1032 2046 attigerat
1066 1990 1080 2023 ε
1116 1988 1179 2024 ac
1213 1967 1489 2044 professus
1523 1967 1620 2027 diu
1652 1969 1708 2023 in
1742 1967 1948 2044 patria,
1978 1967 2143 2043 quin-

407 2069 727 2147 quagesimo
774 2068 995 2126 demum
1049 2088 1198 2125 anno
1242 2071 1512 2142 Romam,
1561 2065 1789 2126 consule
1833 2068 2101 2127 Cicerone
2128 2109 2143 2138 ,

408 2171 662 2241 transiit3
703 2168 1005 2246 docuitque
1054 2169 1263 2246 majore
1304 2167 1485 2238 fama,
1532 2187 1698 2245 quam
1747 2165 2138 2224 emolumento.

407 2272 663 2347 Namque
698 2270 812 2346 jam
855 2290 1156 2347 persenex,
1191 2287 1495 2347 pauperem
1532 2287 1621 2339 se,
1662 2279 1717 2327 et
1750 2266 2001 2326 habitare
2041 2266 2143 2325 sub

410 2370 639 2448 teguliS,
673 2371 915 2448 quodam
950 2371 1160 2448 scripto
1193 2369 1414 2427 fatetur.
1447 2369 1681 2428 Librum
1711 2369 1911 2440 etiam,
1944 2369 2034 2425 cui
2063 2380 2146 2425 est

409 2470 603 2527 titulus
638 2471 1001 2548 Perialogos,
1036 2469 1239 2542 edidit,
1276 2470 1652 2529 continentem
1682 2466 1935 2545 querelas
1968 2466 2036 2525 de
2065 2468 2146 2524 iu-

404 2572 569 2647 juriis
587 2614 604 2642 ,
634 2593 772 2649 quas
802 2571 1136 2650 professores
1166 2568 1502 2648 negligentia
1534 2581 1587 2625 et
1615 2569 1915 2627 ambitione
1947 2588 2145 2645 paren-

411 2683 528 2728 tum
568 2673 896 2750 acciperent.
933 2672 1060 2728 Fuit
1094 2683 1278 2731 autem
1311 2682 1522 2728 naturae
1557 2669 1792 2742 acerbae,
1824 2690 1936 2728 non
1972 2668 2139 2726 modo

410 2772 469 2826 in
486 2771 904 2849 antisophistaS,
928 2793 1068 2849 quos
1090 2772 1243 2830 omni
1267 2791 1520 2829 sermone
1546 2769 1832 2843 laceravit,
1857 2768 1952 2827 sed
1977 2770 2141 2828 etiam

410 2872 469 2929 in
497 2870 825 2950 discipuloS,
851 2884 913 2929 ut
941 2872 1204 2931 Horatius
1233 2871 1539 2950 significat,
1563 2871 1864 2951 plagosum
1894 2890 2022 2929 eum
2050 2890 2143 2945 ap-

412 2969 622 3047 pellans
640 3014 654 3043 ,
684 2984 739 3028 et
771 2973 1051 3030 Domitius
1080 2975 1300 3029 Marsus
1335 2972 1579 3052 scribens
1597 3016 1614 3044 ,

572 3123 623 3170 Si
650 3140 768 3184 quos
802 3125 1016 3170 Orbilius
1049 3125 1200 3170 ferula
1234 3125 1500 3184 scuticaque
1532 3124 1714 3170 cecidit.

415 3263 494 3315 Ac
515 3278 582 3314 ne
603 3259 914 3336 principum
937 3261 1158 3335 quidem
1184 3265 1429 3316 virorum
1457 3263 1816 3316 insectatione
1841 3259 2106 3315 abstinuit
2128 3280 2140 3314 ε
