2372 3918
550 183 571 192 κ

776 261 843 306 m
881 260 1022 306 ocT.
1060 259 1430 305 AUGUSTUM.
1894 259 1984 321 189

227 362 595 423 Apollinis-meo
629 359 821 405 nomine
860 367 907 404 et
941 357 1160 415 illorum,
1185 356 1269 418 qui
1303 355 1419 404 mihi
1453 362 1715 403 statuarum
1749 357 1983 403 honorem

227 440 518 497 habuerant,
540 437 698 484 statui.

296 517 522 563 Cot-tinas.
554 515 613 562 H.
649 529 688 562 e.
726 512 942 575 tripodas
977 527 989 557 :
1021 511 1166 569 Plin„
1200 514 1258 558 H.
1293 514 1380 568 N„
1420 528 1596 571 xxxiv,
1630 511 1658 558 3
1695 529 1706 557 ι
1747 533 1766 553 α
1786 513 1860 558 Ex
1893 527 1983 558 aere

226 594 497 640 factitavere
525 602 571 640 et
594 592 804 638 cortinas
826 589 1074 651 tripodum
1096 589 1293 637 nomine
1315 590 1571 653 Delphicas
1585 624 1598 649 ,
1624 588 1856 652 quoniam
1889 588 1984 635 do-

225 672 296 718 nis
319 672 522 719 maxime
544 668 781 733 Apollinis
802 666 1024 729 Delphici
1048 667 1348 715 dicabantur.
1382 690 1402 711 n

292 751 587 810 Deprecatus
610 757 695 793 est.
721 746 867 804 Vell.‚
885 761 926 791 11
939 781 952 804 ,
970 745 1061 808 89:
1085 766 1106 788 α
1119 746 1415 793 Dictaturam
1440 762 1587 809 quam
1607 744 1919 808 pertinaciter
1940 744 1985 791 ei

226 826 472 880 deferebat
487 827 713 888 populus,
730 832 828 871 tam
845 832 1119 870 constanter
1134 824 1326 885 repulit.
1342 845 1367 867 n
1381 826 1580 873 Causam
1594 822 1731 870 addit
1740 823 1837 870 Dio
1850 858 1864 882 ‚
1876 839 1986 882 mv,

224 919 271 964 p.
300 901 390 950 521
423 921 435 950 t
460 911 542 959 Τήν
575 927 621 954 τι
646 908 828 960 ἐξουσίαν
844 941 856 962 ,
883 907 955 952 καὶ
978 909 1050 957 τὴν
1075 910 1220 967 τιμὴν,
1237 908 1308 952 καὶ
1330 910 1429 968 ὑπὲρ
1446 910 1539 959 τοὺς
1561 905 1825 967 dcxvi-ropac
1862 909 1986 966 ἔχων,

225 990 342 1046 ὀρθῶς
371 989 420 1032 τό
435 1006 479 1032 τι
510 988 715 1046 ἐπίφθονον
740 986 811 1030 καὶ
842 988 889 1030 τὸ
915 988 1085 1046 μισητὸν
1114 993 1187 1037 τῆς
1209 988 1459 1037 ἐπικλήσεως
1490 989 1624 1035 αὐτῶν
1651 986 1892 1045 ἐφυλάξατο.

290 1061 400 1106 Cu.
418 1061 544 1106 LIII.
569 1059 778 1105 Domini.
804 1060 1027 1116 Tertull.,
1052 1060 1199 1120 Apol.
1213 1091 1229 1114 ‚
1256 1074 1297 1104 c.
1327 1074 1485 1104 xxxxv
1512 1075 1525 1103 ε
1567 1077 1599 1105 α,
1617 1059 1865 1119 Augustus
1893 1055 1988 1102 im-

222 1136 344 1198 perii
366 1138 615 1195 formator,
639 1152 700 1182 ne
725 1135 975 1182 dominum
998 1151 1046 1181 se
1072 1134 1270 1197 quidem
1301 1134 1398 1181 dici
1420 1135 1628 1182 volebat.
1661 1133 1798 1181 Idem
1835 1140 1984 1180 testa-

222 1224 304 1262 tur
325 1215 486 1273 Philo,
526 1217 691 1277 Legat.
718 1216 789 1259 ad
816 1214 981 1260 Caium
1000 1248 1016 1270 ,
1051 1230 1100 1275 p.
1143 1220 1282 1270 ιοῑί,ο

289 1293 454 1339 Noctu.
487 1294 748 1339 Decretum
782 1291 909 1338 enim
935 1292 1115 1349 fuerat,
1158 1300 1214 1337 ut
1251 1293 1474 1354 Augusto
1513 1291 1564 1337 in
1602 1291 1784 1339 Urbem
1819 1291 1983 1354 ingre-

223 1370 374 1417 dienti
399 1372 598 1417 vestales
613 1406 626 1429 ,
642 1379 835 1417 senatus
858 1372 1169 1432 populusque
1186 1369 1377 1416 obviam
1401 1370 1540 1416 irent.
1557 1369 1679 1427 Dio,
1704 1385 1755 1416 m
1769 1404 1783 1428 ,
1805 1384 1854 1430 p.
1875 1368 1987 1424 456.

222 1452 333 1508 Quo
354 1449 541 1495 honore
559 1465 709 1511 quum
732 1448 805 1494 uti
819 1449 995 1506 nollet,
1019 1447 1417 1511 magistratusque
1447 1456 1608 1493 tamen
1638 1456 1687 1493 et
1709 1446 1790 1492 alii
1821 1446 1873 1492 in
1893 1446 1988 1492 hoc

224 1536 377 1573 essent
403 1535 458 1572 ut
497 1527 690 1573 obviam
712 1526 803 1588 ipsi
839 1526 1120 1589 prodirent,
1152 1534 1302 1573 noctu
1327 1526 1377 1571 in
1414 1526 1597 1572 Urbem
1634 1524 1873 1588 ingressus
1903 1532 1987 1570 est.

224 1604 292 1649 Cf.
321 1606 500 1662 Dmm,
537 1621 645 1662 mv,
676 1620 726 1666 p.
756 1603 867 1664 527.
893 1646 899 1653 .

291 1682 672 1727 Salutationibus.
701 1682 815 1728 Dies
843 1682 987 1727 festos
1011 1682 1262 1745 iutelligit,
1288 1691 1405 1729 teste
1440 1682 1709 1729 Casaubon.

290 1759 481 1820 Stipem.
521 1763 579 1806 In
617 1761 835 1808 Macrob.
862 1761 990 1806 idem
1032 1770 1255 1807 narrante
1273 1797 1285 1819 ,
1318 1761 1505 1806 Satura.
1546 1777 1589 1806 11
1606 1797 1621 1820 ,
1654 1767 1681 1814 l,
1716 1775 1729 1804 t
1774 1754 1799 1800 «”
1811 1760 1986 1814 Putas,

222 1837 403 1899 inquit,
435 1848 480 1883 te
501 1854 659 1883 assem
684 1838 940 1899 elephanto
971 1839 1105 1885 dare.
1129 1858 1148 1880 υ
1175 1839 1403 1898 Quintil.;
1433 1841 1572 1895 Insa,
1598 1855 1652 1884 vt
1667 1873 1681 1897 ,
1712 1837 1739 1883 3
1766 1855 1778 1883 τ
1805 1838 1990 1896 «Cujus

221 1913 303 1979 (sc.
338 1914 600 1980 parabolae)
636 1925 706 1962 est
732 1915 918 1979 generis
940 1916 991 1962 id
1019 1917 1246 1980 Augusti,
1280 1917 1366 1978 qui
1397 1916 1538 1962 militi
1573 1916 1786 1962 libellum
1823 1915 1991 1961 timide

221 1994 513 2058 porrigenti,
542 1995 684 2050 Noli,
709 1993 868 2056 inquit
880 2029 893 2053 ,
910 1996 1127 2042 dubitare
1148 2006 1373 2058 tanquam
1390 2012 1547 2042 assem
1571 1993 1831 2055 elephanto
1846 1994 1989 2054 des..›g

297 2073 642 2118 Summonente.
666 2076 829 2135 Quum
855 2089 1019 2119 omnes
1044 2072 1137 2120 sibi
1157 2082 1297 2120 notas
1322 2073 1515 2135 penitus
1537 2072 1753 2119 haberet.

294 2148 485 2210 Officia.
523 2151 708 2211 Nempe
737 2150 905 2211 officia
933 2152 1236 2212 privatarum
1287 2161 1335 2196 et
1373 2152 1690 2197 communium
1728 2150 1992 2196 solennita-

224 2238 319 2272 tum
337 2261 352 2282 ,
379 2238 430 2272 ut
454 2236 582 2289 togoe
607 2243 755 2288 puroe
769 2261 784 2283 ‚
812 2237 863 2273 ut
890 2229 1218 2289 sponsalium,
1256 2241 1307 2275 ut
1337 2231 1650 2292 nuptialium,
1681 2238 1734 2274 ut
1762 2229 1990 2274 nomina-

226 2305 369 2360 lium,
404 2313 527 2351 auct.
561 2306 761 2351 Tertull.
780 2340 794 2363 ,
825 2306 887 2350 de
910 2306 1063 2360 Idol„
1090 2322 1130 2352 c.
1166 2322 1267 2352 xvt.
1687 2315 1696 2319 *

300 2383 528 2428 Vexatus.
554 2382 665 2428 Scil.
688 2381 892 2443 pessime
921 2382 1116 2429 habitus
1140 2392 1210 2430 est
1241 2399 1254 2429 ι
1279 2400 1338 2430 ex
1368 2384 1512 2443 hujus
1536 2384 1668 2430 vocis
1698 2382 1898 2444 propria
1923 2382 1992 2428 si-

225 2459 554 2522 gnificatione,
584 2469 689 2507 test.
724 2462 868 2518 Gell.,
899 2477 971 2519 11,
1009 2461 1063 2521 6,
1101 2461 1185 2524 qui
1219 2470 1440 2524 raptatur
1480 2471 1626 2526 atque
1662 2462 1758 2508 huc
1796 2470 1843 2508 et
1877 2461 1990 2507 illuc

227 2538 524 2598 distrahitur,
549 2539 588 2585 is
615 2540 792 2585 vexari
811 2539 1003 2586 dicitur.

294 2617 404 2662 Cn».
442 2617 565 2662 LIV.
603 2618 837 2662 Antistius
861 2618 1035 2664 LabeO.
1070 2620 1221 2678 Gell.,
1238 2635 1331 2665 xm
1349 2654 1362 2677 ,
1400 2635 1455 2665 12
1484 2635 1532 2664 :«
1557 2620 1614 2665 111
1642 2618 1853 2680 quadam
1884 2617 1991 2678 epi-

226 2694 349 2740 stola
379 2693 501 2740 Ateii
537 2692 784 2756 Capitonis
807 2695 1040 2756 scriptum
1064 2696 1292 2760 legimus,
1322 2698 1599 2743 Labeonem
1622 2695 1883 2742 Antistium
1916 2696 1990 2740 le-

226 2787 340 2833 gum
364 2780 510 2834 atque
530 2787 725 2819 morum
746 2772 920 2835 populi
940 2774 1129 2821 romani
1149 2774 1371 2836 jurisque
1391 2774 1541 2821 civilis
1557 2773 1759 2820 doctum
1776 2773 1992 2835 apprime

226 2848 385 2896 fuisse.
423 2870 449 2892 n

293 2927 572 2989 Respondit.
602 2928 722 2989 Dio,
754 2945 863 2990 mv,
894 2946 942 2992 p.
979 2929 1068 2977 531
1103 2941 1304 2997 ἒΠρῶτον
1342 2939 1414 2996 μὲν
1451 2938 1745 2996 ἐπιωρκηκέναι
1772 2953 1817 2979 τι
1868 2936 1988 2978 αὑτὸν

228 3013 322 3069 ἔφη,
343 3011 415 3056 καὶ
440 3014 748 3073 τιμωρήσεσθαι
774 3015 1016 3064 ἧπιίλησιν·
1043 3016 1191 3060 ἔπειτα
1222 3012 1272 3059 ὃὶ
1295 3016 1478 3066 εἰπόντος
1501 3017 1647 3059 αὐτοῦ’
1671 3014 1743 3058 καὶ
1777 3015 1820 3057 τί
1856 3010 1986 3056 δεῖνὸν

227 3091 460 3144 πεποίηκα,
484 3092 709 3150 κατασχὼν
735 3093 774 3136 ἰν
802 3099 861 3151 τῷ
891 3090 1095 3153 Συνιὸρῖῳ
1120 3090 1278 3152 ἄνδρα,
1304 3095 1343 3138 ὃν
1379 3094 1428 3136 σὺ
1463 3099 1545 3137 τῶν
1579 3092 1793 3151 ἀρχιερέων
1829 3092 1890 3135 ἔτι
1921 3090 1991 3133 καὶ

228 3173 291 3210 νῦν
323 3171 511 3227 πιριορᾷς
534 3169 657 3223 ὄντα,
681 3166 879 3228 οὐδεμίαν
905 3172 1021 3230 ὀργὴν
1057 3173 1297 3219 ἐποιήσατο,

300 3238 606 3299 Fraudifuit.
634 3240 742 3286 Scil.
769 3241 1031 3287 discrimini
1051 3250 1133 3289 aut
1155 3244 1349 3288 damno.
1376 3242 1535 3299 Serv„
1563 3241 1749 3287 AEneid.
1766 3274 1780 3296 ,
1811 3255 1840 3285 x
1855 3276 1869 3296 ,
1893 3254 1953 3297 72
1980 3254 1989 3281 :

231 3314 280 3359 in
302 3316 409 3374 jure
441 3317 615 3362 lectum
641 3326 709 3363 est
735 3335 745 3363 :
760 3316 943 3375 fraudi
962 3318 1051 3364 erit
1080 3318 1157 3366 illa
1181 3335 1284 3377 res,
1311 3318 1341 3364 i.
1375 3335 1414 3364 c.
1430 3354 1443 3377 ‚
1464 3319 1688 3379 periculo.
