2372 3918
823 256 871 299 C.
910 254 1124 300 JULIUS
1161 255 1385 301 CAESAR.
1907 257 1965 301 35

256 359 413 416 ritate
451 372 614 437 atque
650 358 1003 437 indulgentia.
1042 362 1169 416 Non
1205 380 1351 416 emm
1394 360 1594 435 ubique
1629 382 1690 416 ac
1722 381 1967 439 semper,

255 462 346 517 sed
393 484 565 540 quum
612 464 783 519 hostis
830 464 886 518 in
934 464 1183 540 proximo
1203 474 1369 518 ‘esset
1389 505 1404 534 ,
1454 462 1739 518 coercebat
1788 485 1800 518 :
1847 475 1967 519 tum

255 564 486 621 maxime
516 577 735 621 exactor
765 566 1117 642 gravissimus
1149 564 1480 643 disciplinae,
1513 575 1576 619 ut
1607 583 1782 640 neque
1817 565 1968 620 itine-

254 665 326 720 ris
369 685 546 742 neque
589 663 765 742 proelii
808 678 1025 743 tempus
1067 665 1443 736 denuntiaret,
1489 663 1584 720 sed
1623 675 1875 742 paratum
1918 677 1970 719 et

253 764 522 822 intentum
564 769 856 824 momentis
894 768 1178 840 omnibuS,
1221 787 1332 844 quo
1376 763 1565 838 vellet,
1611 766 1792 822 subito
1835 764 1968 821 edu·

250 878 410 922 ceret.
474 867 641 939 Quod
698 870 862 925 etiam
919 873 1039 927 sine
1095 889 1257 925 causa
1318 867 1645 947 plerumque
1703 867 1971 938 faciebat,

249 970 519 1047 praecipue
559 968 758 1046 pluviis
805 982 859 1026 et
902 970 1049 1026 festis
1093 969 1301 1026 diebuS.
1351 971 1431 1025 Ac
1480 969 1745 1043 subinde,
1788 969 1973 1026 obser·

253 1070 491 1128 vandum
536 1093 591 1129 se
639 1072 971 1142 admonenS,
1002 1085 1228 1152 repente
1263 1073 1500 1130 interdiu
1532 1071 1618 1129 vel
1654 1083 1813 1128 nocte
1844 1070 1972 1127 sub·

253 1173 530 1246 trahebat3
562 1174 906 1252 augebatque
935 1175 1068 1246 iter,
1102 1188 1165 1232 ut
1200 1176 1370 1232 serius
1403 1175 1791 1251 subsequentes
1826 1170 1973 1228 defa-

249 1275 462 1353 tigaret.

325 1379 524 1435 LXVI.
569 1382 735 1436 Fama
754 1402 885 1437 vero
905 1381 1188 1438 hostilium
1212 1381 1496 1458 copiarum
1519 1378 1839 1455 perterritos
1860 1395 1970 1430 non

251 1479 500 1557 negando
533 1481 927 1556 minuendove,
970 1482 1063 1539 sed
1100 1483 1323 1559 insuper
1362 1476 1748 1557 amplificando
1786 1497 1970 1532 emen-

252 1581 560 1658 tiendoque,
575 1581 951 1642 confirmabat.
963 1586 1156 1659 Itaque
1172 1603 1344 1658 quum
1360 1580 1691 1657 exspectatio
1707 1577 1973 1635 adventus

247 1682 399 1738 Jubae
428 1684 683 1741 terribilis
706 1697 872 1756 esset,
900 1683 1214 1740 convocatis
1240 1680 1310 1737 ad
1334 1681 1654 1737 concionem
1679 1678 1943 1734 militibus
1959 1722 1974 1748 ,

248 1808 275 1834 α
297 1784 531 1858 Scitote,
571 1786 781 1862 inquit,
818 1785 1157 1865 paucissimis
1194 1783 1279 1839 his
1316 1780 1507 1838 diebus
1546 1802 1731 1858 regem
1770 1779 1975 1835 affutu-

249 1905 373 1940 rum
424 1906 551 1942 cum
605 1886 792 1944 decem
843 1885 1183 1966 legionibuS,
1237 1885 1485 1961 equiturn
1536 1883 1795 1960 triginta,
1843 1878 1976 1936 levis

249 1999 538 2044 armaturae
563 2001 785 2045 centum
809 1987 1078 2061 millibus,
1103 1987 1407 2065 elephantis
1434 1984 1704 2042 trecentis.
1737 1980 1977 2039 Proinde

251 2087 501 2145 desinant
538 2076 765 2166 quidam
804 2111 1049 2167 quaerere
1090 2087 1235 2144 ultra
1279 2099 1375 2143 aut
1416 2086 1663 2164 opinari,
1701 2083 1975 2160 mihique,

250 2191 345 2266 qui
382 2204 727 2269 compertum
763 2193 969 2266 habeo,
1008 2191 1236 2250 credant
1274 2215 1286 2249 ε
1326 2205 1424 2249 aut
1459 2189 1682 2269 quidem
1720 2185 1975 2242 vetustis-

250 2292 385 2347 sima
420 2312 557 2348 nave
588 2293 903 2370 impositos,
933 2315 1266 2371 quocunque
1296 2306 1494 2366 vent0,
1526 2293 1583 2348 in
1618 2306 1976 2366 quascunque

252 2404 450 2465 terraS,
478 2392 686 2469 jubebo
715 2395 887 2451 avehi.
911 2420 937 2447 »

331 2495 559 2551 LXVII.
604 2493 822 2553 Delicta
852 2519 1029 2575 neque
1059 2498 1383 2554 observabat
1415 2497 1632 2568 omnia,
1664 2513 1841 2569 neque
1873 2511 1975 2568 pro

255 2594 416 2650 modo
445 2598 845 2673 exsequebatur
877 2620 888 2654 :
923 2598 1017 2655 sed
1047 2598 1389 2656 desertorum
1420 2619 1482 2654 ac
1510 2597 1894 2653 seditiosorum
1924 2603 1976 2646 et

257 2695 546 2770 inquisitor
586 2710 640 2752 et
675 2699 902 2773 punitor
939 2702 1272 2770 acerrimus,
1308 2699 1635 2756 connivebat
1668 2699 1723 2752 in
1765 2694 1972 2751 ceteris.

259 2797 334 2850 Ac
383 2815 783 2873 nonnunquam
827 2812 968 2875 post>
1000 2821 1253 2878 magnam
1302 2820 1545 2877 pugnam
1592 2811 1756 2874 atque
1801 2796 1975 2850 victo-

257 2894 427 2968 riam,
479 2899 706 2955 remisso
759 2900 1063 2957 officiorum
1122 2921 1382 2970 munere,
1431 2898 1706 2955 licentiam
1757 2917 1975 2952 omnem

261 2997 456 3071 passim
494 2995 811 3055 lasciviendi
850 3000 1231 3077 permittebat3
1271 2999 1478 3076 jactare
1519 2996 1742 3071 solitus,
1783 2999 1979 3055 milites

258 3115 387 3151 suos
425 3099 585 3154 eticim
629 3112 995 3177 unguentatos
1037 3101 1167 3158 bene
1196 3122 1456 3182 pugnare
1483 3120 1655 3178 posse
1685 3126 1701 3157 .·
1738 3123 1837 3158 nec
1873 3105 1974 3158 mi-

259 3195 374 3252 lites
401 3217 491 3253 eos
523 3219 624 3275 pro
655 3201 947 3274 concione,
979 3202 1073 3258 sed
1105 3201 1377 3259 blandiori
1409 3204 1630 3259 nomine
1658 3205 1972 3261 commdito-

262 3320 356 3355 nes
394 3300 733 3379 appellabat:
773 3303 1115 3381 habebatque
1157 3316 1267 3360 tam
1309 3304 1517 3379 cultos,
1558 3319 1619 3362 ut
1660 3319 1886 3384 argento
1924 3318 1977 3360 et

1686 3405 1735 3459 3.
