2372 3918
906 252 971 296 IN
1010 250 1399 298 CALIGULAM.
1917 251 2009 299 253

344 335 471 394 Car.
509 347 678 394 XLVI.
723 349 922 392 Turrem.
949 346 1117 406 'Hujus
1151 346 1296 392 turris
1326 360 1407 391 seu
1444 346 1607 405 phari,
1649 347 1710 392 ad
1750 349 2012 394 Bononiam

296 425 447 470 adhuc
491 424 778 486 superstitis,
813 422 991 485 effigies
1025 423 1153 484 apud
1189 422 1527 481 Μοηςίααεοη,
1576 431 1689 468 tom.
1730 440 1805 482 xv,
1840 429 2008 487 *suppL

294 501 390 547 tab.
425 501 500 547 50.

362 580 604 626 Donativo.
637 579 781 638 Quod
808 587 909 623 erat
931 576 1221 638 stipendium
1255 592 1351 622 non
1377 577 1616 636 debitum,
1649 578 1732 624 sed
1755 577 2011 625 liberaliter

293 655 532 703 donatum.

358 735 467 778 Cn.
494 735 685 779 XLVII.
722 733 1119 778 Procurator-ibus.
1143 734 1216 778 Sc.
1248 731 1363 779 fisci.

359 822 468 866 Cn.
495 822 718 867 XLVIII.
755 821 1064 866 Obsedclrsent.
1097 821 1221 867 vide
1249 837 1413 882 supra,
1439 837 1505 867 xx.
2025 879 2027 881 Ι

365 900 587 956 Querens.
618 898 737 954 Dio,
763 914 874 956 mx,
896 914 945 959 p.
966 898 1062 944 660
1098 915 1109 943 :
1147 895 1269 963 ὀμως
1303 906 1468 949 ἐσελθὼν
1506 907 1542 955 ἐς
1573 907 1644 952 τὴν
1679 907 1808 956 πόλιν,
1834 908 1905 954 τὴν
1939 909 2009 964 μὲν

294 983 435 1034 βουλὴν
473 983 602 1040 ὀλίγου
636 978 801 1028 ἐδέησεν
837 984 1038 1026 ἀπολέσαι
1075 986 1229 1036 πᾶσαν,
1260 983 1321 1025 ὅτι
1361 984 1416 1039 μὴ
1453 982 1508 1025 τὰ
1537 984 1635 1041 ὑπὲρ
1665 985 1869 1041 ἄνθρωπον
1901 985 2010 1041 αὐτῷ

291 1058 513 1115 ἐψηφίσατο
537 1076 573 1101 κ..
601 1076 638 1101 τ.
658 1065 693 1102 λ.

356 1139 464 1184 Cn.
490 1141 660 1186 XLIX.
683 1142 922 1200 Quartum.
951 1142 1053 1186 Imo
1077 1140 1321 1202 quintum,
1345 1156 1404 1187 ex
1426 1141 1572 1204 Ryck.
1602 1141 1651 1186 in
1673 1141 1820 1186 Tacit.
1854 1144 1975 1186 Anu.
1993 1174 2008 1195 ,

288 1231 387 1273 χιι,
414 1214 474 1262 58
500 1232 512 1262 t
541 1216 682 1278 periit
707 1218 832 1263 enim
855 1233 907 1263 1x
934 1217 1157 1264 kalendas
1179 1217 1421 1264 februarii.
2021 1220 2027 1241 ⁶

357 1293 686 1356 commigrare.
722 1296 795 1342 SC.
821 1302 931 1346 κατὰ
965 1304 1128 1361 θεωρίαν
1160 1308 1231 1352 τῆς
1249 1303 1476 1360 Αἰγύπτου,
1501 1304 1621 1340 auct.
1648 1294 1865 1355 Joseph.,
1898 1297 2006 1338 Ant.

287 1372 425 1426 lud„
454 1388 567 1432 xxx,
600 1389 639 1417 ι.
664 1374 734 1420 Cf.
765 1376 973 1420 Pmmu.
989 1409 1003 1433 ,
1029 1377 1140 1435 Leg.
1163 1375 1233 1419 ad
1259 1373 1422 1418 Caium
1440 1407 1454 1428 ,
1478 1387 1526 1433 p.
1559 1375 1695 1432 1039.

359 1450 529 1497 Index.
555 1451 624 1497 Cf.
662 1445 809 1498 Oxos.
825 1488 838 1511 ‚
864 1468 958 1511 vu,
991 1450 1034 1498 5.
2015 1488 2026 1513 ς

359 1528 465 1574 (ΖΑΡ.
493 1530 545 1574 L.
569 1530 847 1590 Expallido.
879 1530 1055 1575 Seneca
1074 1563 1086 1586 ,
1123 1531 1183 1573 de
1209 1528 1443 1574 Constant.
1474 1543 1576 1588 sap.
1593 1562 1608 1582 ,
1632 1543 1760 1572 xvxix
1783 1543 1794 1571 ε
1817 1546 1842 1568 α
1860 1520 2024 1572 Tanta'

289 1603 356 1649 illi
377 1604 570 1666 palloris
594 1606 821 1652 insaniam
851 1606 1063 1652 testantis
1088 1605 1273 1651 foeditas
1307 1613 1420 1650 erat.
1448 1624 1467 1645 >a
1506 1632 1513 1637 -

358 1682 602 1728 Comitiali
619 1684 792 1729 morbo.
826 1683 955 1743 Quid
978 1683 1038 1728 sit
1059 1683 1256 1728 morbus
1279 1682 1358 1728 ille
1372 1718 1384 1739 ,
1407 1681 1517 1727 vide
1541 1682 1589 1726 in
1623 1682 1741 1726 Coes.
1761 1715 1775 1737 ‚
1798 1696 1907 1726 κω.

355 1761 649 1806 Potionatus.
679 1762 892 1808 Juvenal.
908 1796 921 1818 ,
948 1769 1031 1807 sat.
1060 1777 1109 1805 vx
1128 1795 1140 1817 ,
1170 1758 1265 1805 615
1300 1777 1310 1804 ε

696 1938 703 1946 .
731 1938 741 1946 .
771 1938 779 1946 .
808 1937 817 1946 .
845 1909 898 1947 Ut
923 1906 1137 1947 avunculus
1163 1906 1228 1946 ille
1253 1905 1439 1953 Neronis,

461 1978 537 2020 Cui
562 1985 683 2019 totam
710 1976 865 2018 tremuli
890 1976 1058 2017 frontem
1081 1974 1254 2015 Caesonia
1280 1974 1377 2028 puni

460 2047 620 2089 tutudit.

352 2189 607 2233 Insomnia.
633 2190 702 2233 De
725 2188 811 2233 hac
837 2188 988 2232 forma
1015 2186 1242 2248 singulari
1264 2186 1450 2232 dubitat
1475 2184 1787 2246 Oudendorp.
1812 2184 1909 2230 Alii
1937 2187 2006 2229 le-

287 2273 406 2326 gunt
439 2266 681 2310 insomnio.

355 2353 460 2398 Cn.
486 2354 565 2398 LI.
603 2353 940 2398 Diversism'ma.
976 2351 1094 2408 Dio,
1128 2366 1238 2408 mx,
1271 2366 1318 2411 p.
1355 2350 1448 2405 64²
1491 2359 1662 2405 τοῦτω
1702 2356 1778 2414 γὰρ
1813 2356 1883 2399 καὶ
1918 2359 2012 2413 πρὸς

287 2455 427 2481 wavra
451 2439 624 2487 ἐναντίος
641 2438 838 2494 ἐπεφύκει.

354 2519 568 2564 Sicunde.
601 2521 693 2565 Pro
727 2522 775 2564 si
793 2520 1041 2574 alicunde,
1078 2518 1202 2564 utin
1230 2518 1323 2564 Cic.
1350 2519 1419 2562 ad
1445 2521 1571 2572 Ate„
1599 2533 1722 2573 xm,
1760 2516 1820 2561 30
1853 2533 1865 2562 :
1893 2537 1911 2557 τ
1942 2516 2011 2559 Mi

290 2595 483 2640 sicunde
511 2604 672 2656 potes,
702 2611 838 2642 erues
855 2631 867 2653 ‚
896 2594 981 2656 qui
1003 2595 1165 2641 decem
1191 2595 1333 2657 legati
1364 2595 1588 2640 Memmio
1612 2594 1802 2639 fuerint.
1824 2613 1843 2632 n

354 2683 462 2733 Car.
489 2684 590 2729 L11.
611 2684 869 2730 Poenulas.
894 2683 1096 2729 Habitus
1118 2683 1344 2728 hibernus
1368 2682 1430 2727 ad
1443 2681 1794 2743 propulsandos
1812 2681 2011 2737 imbres,

289 2768 563 2820 ceterasque
594 2759 845 2820 asperioris
869 2760 974 2806 coeli
997 2759 1206 2819 injurias.
1233 2760 1444 2804 Juvenal.
1460 2793 1472 2815 ‚
1497 2766 1580 2804 sat.
1606 2775 1651 2816 v,
1677 2757 1738 2816 78
1770 2774 1780 2801 :

465 2932 475 2942 .
502 2933 511 2942 .
539 2932 548 2942 .
576 2933 586 2944 .
612 2906 809 2945 premeret
833 2917 930 2944 saeva
957 2918 1077 2958 quum
1105 2904 1293 2958 grandine
1320 2917 1461 2944 vernus

459 2972 629 3026 Jupiter,
653 2980 692 3013 et
716 2973 839 3013 multo
862 2973 1026 3014 stillaret
1056 2974 1207 3028 pinnula
1233 2972 1382 3013 nimbo.

353 3111 654 3172 Cycladatus.
690 3113 854 3173 Cyclas
883 3112 974 3159 fuit
999 3113 1139 3158 vestis
1161 3112 1418 3159 muliebris.

357 3190 677 3251 Speculatoria
704 3191 873 3252 caliga.
895 3192 1004 3236 Erat
1030 3191 1393 3236 calceamentum
1428 3205 1527 3250 quo
1551 3191 1869 3250 speculatores
1892 3187 2007 3233 cali-

285 3265 380 3328 gati
408 3266 538 3310 ibant
568 3268 858 3326 speculatum
887 3275 932 3312 et
956 3268 1266 3327 exploratum.
