2372 3918
883 253 950 298 m
985 252 1204 298 nrum,
1818 254 1911 314 309

254 353 455 399 Dimisit.
483 350 552 397 cf.
587 350 813 407 Xumn„
833 348 915 395 ub.
934 362 1035 408 sup.
1052 383 1066 405 ,
1090 354 1138 392 et
1160 348 1347 392 Auni..
1374 346 1515 391 onr.
1532 347 1661 407 Epir.
1698 362 1742 392 x.

254 430 589 475 Delc‘catorum.
642 427 699 472 H.
740 441 780 471 e.
817 438 895 474 τῶν
943 432 1161 488 ἐρομένων,
1205 420 1290 482 qui
1336 421 1564 468 dicuntur
1601 435 1912 469 enervatorum

181 520 351 567 greges
384 505 433 549 in
463 505 625 550 Aurel.
649 502 801 558 vict„
831 502 862 546 l.
892 516 931 546 c.

250 582 501 628 Proleloet’us.
528 582 585 627 H.
612 595 651 625 e.
676 576 938 639 benignius.

250 657 631 719 Amphitheatro.
651 654 852 716 Xiphil.‚
879 653 963 698 ub.
986 665 1091 712 sup.
1107 684 1120 709 ‚
1144 666 1190 711 p.
1221 650 1313 708 757
1348 668 1359 696 Ζ
1386 658 1470 701 Καὶ
1495 658 1560 701 ἐπὶ
1591 660 1661 716 μὲν
1689 662 1771 709 τοῖς
1784 663 1917 710 ἄλλοις

184 737 298 783 οὐδὲν
336 740 532 798 ἐξαίρετον
556 738 725 796 ἔπραξε,
756 739 802 780 τὸ
834 731 883 778 δὲ
908 731 963 782 δὴ
996 735 1159 792 θέατρον
1180 735 1227 777 τὸ
1258 736 1533 792 κυνηγετικόν,
1562 738 1609 777 τό
1633 751 1679 778 τι
1703 733 1914 779 Caum-tow

183 818 228 859 τὸ
256 816 461 874 ἐπώνυμον
490 817 613 858 αὐτοῦ
638 813 815 871 ἱερώσας.

247 886 430 931 Ναναίε
452 886 692 947 proelc'um.
729 881 876 941 Quod
917 878 1144 926 describit
1176 881 1388 941 Xiphil„
1426 882 1535 926 ibid.
1569 900 1583 926 :
1624 890 1679 931 Τὸ
1712 890 1789 947 γὰρ
1821 892 1913 932 θέα-

180 961 315 1026 τρον...
335 970 405 1012 καὶ
437 974 489 1025 τῇ
519 968 637 1025 τρίτῃ
658 966 869 1023 ναυμαχίᾳ
897 965 1126 1029 τρισχιλίων
1154 961 1327 1023 ἀνδρῶν.

253 1041 362 1084 Cn.
385 1039 518 1083 VIII.
543 1037 817 1083 Praeterita.
846 1034 916 1081 Cf.
942 1036 1175 1091 Xn’nu..‚
1205 1035 1286 1079 ub.
1320 1050 1422 1096 sup.
1441 1071 1453 1094 ,
1491 1044 1538 1081 et
1567 1038 1776 1093 Zozua„
1806 1040 1914 1082 An·

179 1117 303 1171 nal.,
330 1131 400 1173 11,
431 1129 478 1175 p.
511 1114 616 1174 195.

245 1192 451 1237 Perdidi.
484 1190 734 1247 Themist.,
762 1191 891 1237 Orat.
910 1224 924 1248 ,
947 1206 999 1236 vr
1029 1206 1039 1234 τ
1074 1198 1193 1245 Τίτος
1217 1199 1235 1239 ὁ
1265 1199 1466 1254 γενναῖος,
1492 1192 1534 1240 οὗ
1558 1198 1598 1240 τὶ
1632 1200 1814 1256 λαμπρὸν
1847 1198 1917 1241 καὶ

180 1277 288 1334 μέγα
322 1277 448 1318 ἐκεῖνο
477 1277 608 1333 ῥῆμα,
639 1275 699 1317 ὅτι
723 1275 893 1332 τήμερον
919 1276 989 1317 οὐκ
1018 1272 1290 1317 ἐςασὶλευσα·
1318 1271 1465 1317 οὐδένα
1490 1275 1566 1333 γὰρ
1596 1271 1635 1318 εὖ
1661 1277 1848 1321 ἐποίησα.

249 1346 503 1391 Cam‘llatus
527 1354 611 1389 est.
626 1346 683 1389 H.
704 1360 743 1389 e.
763 1343 956 1389 diversae
973 1343 1189 1389 factionis
1204 1343 1486 1405 gladiatores
1509 1346 1625 1390 salse
1643 1345 1757 1391 risit.

249 1421 583 1483 Conflagratio.
608 1423 665 1466 A.
693 1423 752 1467 U.
779 1420 890 1467 832.
906 1422 1061 1478 Quam
1079 1419 1500 1482 conflagrationem
1526 1421 1750 1467 describit
1774 1423 1916 1478 Zon.,

180 1500 329 1552 Anu..
362 1513 402 1542 11
421 1532 435 1555 ,
459 1513 504 1558 p.
541 1498 629 1559 196
658 1515 669 1542 :
694 1506 797 1547 Τότε
831 1505 982 1553 κτύπος
1021 1503 1230 1554 ἐξαίσιος...
1259 1504 1330 1546 καὶ
1354 1501 1439 1547 δύω
1464 1507 1599 1554 πόλεις
1622 1506 1669 1547 τό
1696 1522 1742 1547 τε
1773 1496 1917 1562 Ἐρκου-

175 1582 311 1624 λοίνεον
335 1580 404 1624 καὶ
424 1582 513 1631 τοὺς
542 1582 799 1640 Πομπηίους,
823 1582 860 1623 ἐν
883 1581 1036 1639 θεάτρῳ
1059 1586 1129 1624 τοῦ
1154 1578 1288 1639 δήμου
1313 1584 1539 1639 καθημένου
1554 1609 1566 1630 ,
1584 1585 1916 1637 καταχωσθῆναι.

244 1651 531 1698 Incendium.
568 1654 625 1697 A.
651 1654 710 1698 U.
748 1649 859 1696 833.
884 1649 1099 1710 Xiphil.,
1135 1651 1220 1697 ub.
1255 1667 1387 1711 sup.,
1413 1667 1462 1712 p.
1500 1650 1592 1710 756
1628 1668 1639 1696 :
1666 1662 1748 1716 Πῦρ
1779 1654 1828 1700 δὲ
1860 1654 1915 1703 δὴ

177 1737 306 1793 ἕτερον
335 1736 525 1793 ἐπίγειον,
548 1741 605 1791 τῷ
626 1734 711 1785 ἐξῆς
735 1736 840 1786 ἔτει,
863 1733 995 1777 πολλὰ
1011 1735 1118 1777 πάνυ
1142 1740 1213 1783 τῆς
1234 1726 1400 1792 ῥώμης,
1423 1741 1493 1778 τοῦ
1511 1736 1635 1778 Τίτου
1663 1737 1759 1793 πρὸς
1773 1736 1819 1777 τὸ
1836 1735 1917 1776 ποί-

175 1816 286 1870 θημα
307 1814 353 1854 τὸ
379 1814 416 1854 ε’ν
444 1819 495 1870 τῇ
513 1813 746 1870 Καμπανίᾳ
769 1813 977 1869 γενόμενον
997 1807 1325 1869 ἐκδημήσαντος,
1349 1814 1618 1870 ἐπενείματο,
1634 1831 1671 1856 κ.
1695 1831 1732 1856 τ.
1763 1820 1798 1856 λ.

241 1883 399 1927 Duxit.
426 1882 609 1942 Xiphil.
627 1918 639 1940 ,
667 1882 777 1926 ibid.
796 1897 811 1924 ἰ
834 1879 870 1930 ὁ
901 1884 941 1929 δ’
966 1884 1028 1930 οὖν
1048 1890 1166 1938 Τίτος
1188 1891 1271 1938 τοῖς
1294 1890 1366 1946 μὲν
1392 1882 1638 1947 Καμπανοῖς
1659 1887 1733 1933 δύο
1764 1887 1916 1948 ἄνδρας

176 1966 220 2007 ἐκ
251 1970 329 2007 τῶν
359 1966 646 2009 ὑπατευκότων
673 1964 853 2013 οἰκιστὰς
872 1963 1055 2021 ’ἔπεμψε.

239 2035 347 2081 Nisi
365 2037 467 2082 sibi.
486 2037 573 2081 Illa
594 2035 874 2096 sibiperisse
891 2035 1026 2082 Titus
1041 2035 1256 2094 dicebat,
1282 2051 1431 2098 quum
1457 2035 1681 2082 damnum
1698 2035 1748 2081 in
1771 2050 1820 2081 se
1836 2050 1913 2081 re-

177 2113 385 2174 ciperet,
416 2129 515 2158 non
549 2113 859 2173 vectigalibus
883 2114 1023 2157 novis
1060 2123 1106 2158 et
1140 2114 1531 2159 extraordinariis
1563 2112 1914 2160 resarciendum

176 2197 378 2235 curaret.

242 2266 567 2311 Mandatores.
595 2266 689 2325 Qui
712 2268 949 2312 delatores
974 2265 1276 2311 instruebant
1305 2265 1727 2325 subornabantque
1743 2265 1802 2309 ad
1829 2280 1914 2309 ac-

175 2342 449 2389 cusandum.

248 2421 418 2466 Veteri.
447 2420 556 2466 Scil.
584 2435 610 2466 e
642 2420 936 2480 temporibus
958 2420 1154 2466 Tiberii.

243 2496 429 2554 Subjlcc'.
466 2496 625 2542 Pitisc.
668 2512 919 2558 perperam
959 2512 971 2540 ι
1009 2497 1168 2542 bestiis
1206 2496 1407 2541 vinctos.
1452 2496 1654 2558 intellig.
1691 2510 1798 2540 cum
1844 2496 1913 2541 cl.

179 2576 308 2619 Hase
334 2592 344 2619 :
370 2576 528 2620 hastoe
553 2575 627 2621 vel
646 2574 874 2636 proeconi.

213 2654 219 2667 ¹
244 2652 395 2698 Statu.
420 2654 479 2699 H.
509 2669 548 2699 e.
576 2652 882 2709 conditione;
907 2651 1005 2699 scil.
1030 2660 1194 2698 utrum
1219 2651 1456 2715 ingenuus
1479 2652 1622 2697 fuerit
1638 2686 1652 2708 ,
1669 2666 1727 2696 an
1759 2651 1910 2696 liber-

178 2728 326 2787 tinus,
357 2744 418 2775 an
442 2746 618 2776 servus.

249 2805 409 2851 Certos
455 2821 618 2852 annos.
668 2806 850 2866 Nempe
894 2806 1256 2867 quinquennium
1282 2840 1298 2862 ‚
1350 2807 1485 2868 quod
1536 2815 1701 2867 postea
1753 2805 1911 2850 edicto

174 2882 460 2943 praescripsit
484 2885 653 2928 Nerva.

244 2959 351 3004 Cu».
383 2961 470 3006 lx.
495 2962 722 3005 Fratrem.
748 2958 854 3005 scil.
881 2958 1223 3006 Domitianum.

237 3035 318 3080 Ex
337 3037 566 3096 professo.
591 3038 650 3083 H.
680 3052 721 3083 e.
752 3037 921 3097 palam.

240 3112 349 3156 Cn.
386 3114 447 3158 X.
483 3113 697 3159 Sabinos.
729 3115 907 3175 Nempe
932 3127 1075 3174 aquas
1099 3116 1295 3162 Cutilias
1325 3123 1373 3161 et
1410 3113 1665 3162 Reatinum
1693 3128 1830 3158 suum
1863 3112 1911 3157 in

174 3187 373 3234 Sabinis.

240 3266 554 3313 Mansionem.
574 3268 725 3313 Intell.
751 3268 937 3328 locum,
962 3268 1047 3315 ubi
1071 3269 1120 3315 in
1144 3268 1312 3315 itinere
1339 3269 1496 3330 primo
1527 3267 1840 3330 pernoctavit.
