2372 3918
804 329 869 373 IN
906 328 1288 372 CALIGULAM.
1806 328 1899 386 243

193 428 358 473 consul
379 426 471 472 fuit
492 428 549 471 A.
572 427 628 472 U.
656 438 773 484 779,
797 431 843 467 et
865 436 893 467 ι
917 421 1124 483 Caligula
1148 422 1212 467 ob
1233 421 1609 482 conjurationem
1629 423 1902 472 interfectus

192 506 247 548 Δ.
271 503 329 550 U.
355 517 466 565 792.
501 500 571 549 ef.
599 502 766 547 Suu.
791 499 838 543 in
868 498 1023 544 Sidon.
1039 530 1054 552 ‚
1080 506 1127 544 et
1150 499 1311 556 Voss„
1339 499 1401 543 de
1434 499 1552 544 Hist.
1584 501 1691 556 lat„
1714 515 1756 558 1,
1789 499 1865 548 25.

265 580 374 625 Vico
396 576 679 624 Ambc‘acino.
707 577 780 621 De
801 573 895 620 situ
922 574 1015 620 loci
1038 575 1097 620 cf.
1124 576 1357 632 Causa,
1395 576 1558 636 Geogr.
1584 585 1682 621 ant.
1701 609 1715 631 ‚
1746 592 1810 634 u,
1845 578 1900 635 3,

189 672 237 716 p.
265 656 372 702 321.

259 729 560 790 Confluentes.
585 729 762 789 Nempe
796 727 952 773 Rheni
989 742 1042 773 ac
1077 727 1305 783 Mosellae,
1342 728 1403 773 ad
1445 743 1566 788 quos
1603 736 1715 773 tunc
1754 737 1901 774 castra

188 809 528 862 Romanorum.
555 808 626 851 De
646 805 834 851 nomine
872 805 991 862 loci,
1013 804 1244 850 Ammian.
1260 838 1273 861 ,
1298 820 1381 849 xvi
1400 838 1414 862 ,
1448 806 1475 850 3
1510 822 1521 851 :
1562 825 1581 845 α
1600 805 1744 866 Apud
1777 806 1900 851 Con-

180 883 406 939 fluentes,
439 884 594 928 locum
617 881 680 926 ita
703 881 1112 943 cognominatum,
1140 881 1225 926 ubi
1255 880 1401 926 amnis
1426 882 1623 928 Mosella
1645 881 1900 928 confundi-

188 967 266 1006 tur
287 960 469 1006 Rheno.
496 978 515 1000 n

252 1037 415 1082 Natus.
438 1035 606 1080 Athen.
622 1069 636 1091 ,
661 1050 728 1093 lv,
748 1049 799 1096 p.
830 1035 919 1090 148
946 1052 956 1079 ἓ
982 1042 1067 1085 Καὶ
1080 1044 1197 1092 Γάϊος
1211 1038 1261 1085 δὲ
1285 1044 1303 1084 ὁ
1328 1042 1599 1099 αὐτοκράτωρ,
1623 1043 1642 1083 ὁ
1665 1042 1897 1084 Καλλίκολα

188 1117 513 1177 προσαγορευθεὶς
542 1114 615 1161 διὰ
646 1119 692 1161 τὸ
729 1119 766 1160 ἐν
795 1117 1068 1175 στρατοπίδῳ
1090 1123 1337 1176 γεννηθῆναι.
1372 1111 1507 1156 Idem
1537 1118 1696 1156 narrat
1724 1110 1897 1167 Tacit.‚

188 1191 390 1242 Annut„
431 1203 477 1246 1,
513 1194 569 1242 41
600 1205 611 1232 ε
639 1207 660 1228 «
683 1189 784 1233 Jam
822 1188 973 1233 infans
1004 1187 1053 1232 in
1089 1188 1251 1234 castris
1273 1187 1479 1250 genitus,
1510 1186 1559 1232 in
1589 1187 1897 1233 contubernio

186 1263 424 1325 legionum
446 1264 684 1310 educatus.
704 1285 724 1306 »
749 1265 819 1310 Cf.
851 1267 1037 1309 Auum..
1065 1266 1292 1321 meon„
1326 1265 1484 1325 Epic„
1511 1279 1551 1309 c.
1579 1279 1667 1320 111,
1698 1267 1722 1321 ς
1754 1279 1797 1309 2.

257 1341 448 1386 Puems.
474 1342 547 1386 Ex
569 1340 788 1387 Priscian.
806 1375 818 1398 ,
842 1356 889 1385 vl
906 1374 919 1396 ,
944 1356 989 1400 p.
1025 1341 1136 1401 697,
1167 1356 1177 1384 ε
1203 1360 1223 1380 α
1249 1341 1393 1385 Pueri
1411 1339 1683 1385 femininum
1704 1355 1902 1399 pueram

188 1415 405 1462 dicebant
435 1416 742 1478 antiquissimi
776 1433 788 1461 ε
816 1416 943 1463 unde
974 1424 1021 1461 et
1043 1431 1307 1477 puerpera,
1332 1431 1436 1476 quae
1458 1430 1660 1476 puerum
1683 1415 1756 1461 vel
1779 1430 1900 1475 pue-

186 1505 285 1536 ram
307 1492 443 1552 parit.

254 1567 361 1614 Cn.
388 1569 475 1614 IX.
504 1568 746 1630 Caliguloe.
773 1595 836 1603 —-
860 1568 1031 1630 Caliga
1056 1570 1418 1614 calceamentum
1441 1567 1531 1612 fuit
1544 1566 1755 1612 militare.
1783 1566 1899 1623 Dio,

187 1658 320 1700 1³¹1,
342 1659 391 1703 p-
418 1642 512 1688 605
546 1660 558 1688 Ζ
592 1642 647 1693 ὢν
674 1652 790 1694 Γαίῖον
822 1653 1069 1710 Καλιγόλαν,
1094 1653 1154 1694 ὅτι
1187 1653 1223 1693 ἐν
1258 1657 1315 1708 τῷ
1348 1646 1619 1708 στρατοπέδῳ
1642 1651 1688 1693 τὸ
1709 1651 1897 1693 πλεῖστον

184 1726 364 1783 τραφεὶς,
390 1728 471 1775 τοῖς
495 1729 801 1784 στρατιωτικοῖς
826 1724 1089 1785 ὑποδήμασιν
1117 1726 1207 1770 ἀντὶ
1250 1733 1328 1770 τῶν
1366 1727 1544 1769 ἀστικῶν
1572 1728 1738 1788 ἐχρῆτο,
1774 1742 1899 1781 προσ-

186 1803 400 1860 ωνόμαζον.
424 1796 494 1841 Cf.
519 1799 712 1854 Taena,
737 1799 909 1842 Annal.
927 1830 940 1851 ,
971 1813 1018 1854 1,
1050 1802 1075 1850 [ι
1091 1812 1126 1841 1.

222 1863 227 1874 ”
252 1873 587 1932 Mam'pulario.
620 1874 792 1927 Tacit„
818 1876 1019 1929 Amal„
1043 1888 1089 1932 1,
1116 1874 1179 1933 69
1205 1890 1217 1917 ε
1249 1892 1273 1914 α
1289 1875 1531 1934 Tanquam
1553 1885 1722 1932 parum
1743 1872 1897 1918 ambi-

184 1947 302 1994 tiose
324 1947 472 1994 filium
494 1948 627 1995 ducis
648 1950 840 2011 gregali
863 1950 1029 1995 habitu
1067 1950 1363 1995 circumferat
1377 1984 1390 2006 ‚
1414 1951 1736 2008 Caesaremque
1768 1947 1897 1994 Cali-

185 2025 341 2086 gulam
364 2026 589 2086 appellari
611 2013 785 2072 voluit.'
807 2047 827 2067 »
846 2048 852 2065 x

252 2103 504 2149 Cic-itatem.
531 2105 605 2149 Sc.
633 2103 684 2148 in
703 2106 949 2149 Treveros.
976 2104 1046 2150 Cf.
1068 2106 1261 2163 Taena,
1285 2104 1460 2149 Annal.
1476 2136 1489 2160 ,
1515 2118 1559 2160 ι,
1590 2110 1665 2156 40.

250 2181 360 2225 Cn.
391 2182 454 2226 X.
492 2181 734 2226 Laudavit.
772 2180 947 2238 Tacit.,
985 2183 1190 2236 Annal„
1231 2197 1275 2238 v,
1310 2197 1325 2224 ι
1367 2196 1378 2224 :
1423 2178 1671 2225 «Laudata
1707 2187 1777 2225 est
1807 2195 1898 2242 pro

185 2255 365 2302 Rostris
396 2271 423 2302 a
447 2258 497 2302 C.
522 2258 699 2303 Caesare
721 2266 1009 2318 pronepote,
1037 2257 1122 2318 qui
1146 2273 1257 2303 mox
1281 2271 1439 2302 rerum
1460 2256 1644 2316 potitus
1665 2264 1749 2302 est.
1778 2274 1798 2296 υ

253 2334 428 2379 Posuit.
454 2334 598 2392 Quod
621 2333 763 2379 fiebat
778 2332 903 2379 virili
927 2342 1057 2378 aetate
1082 2333 1274 2378 ineunte
1299 2349 1310 2377 =
1335 2332 1434 2378 dies
1457 2331 1536 2378 ille
1558 2330 1774 2378 solemnis
1803 2330 1895 2377 ha-

184 2410 400 2456 bebatur.
430 2413 594 2470 Mart„
622 2426 709 2469 m,
743 2412 772 2456 6
798 2428 809 2455 :

359 2540 442 2577 Lux
466 2536 539 2578 tibi
565 2545 649 2592 post
673 2536 762 2577 idus
786 2544 1015 2578 numeratur
1037 2536 1154 2577 tertia
1179 2534 1323 2584 maias,

414 2607 671 2655 Marcelline,
695 2607 771 2648 tuis
797 2607 856 2648 bis
880 2605 1113 2648 celebranda
1137 2604 1267 2646 sacris.

358 2679 533 2730 Imputat
556 2677 745 2718 aethereos
768 2684 874 2718 ortus
897 2676 980 2718 haee
1004 2675 1132 2731 prima
1156 2675 1350 2731 parentis,

414 2745 531 2788 Libat
554 2745 737 2786 florentes
759 2745 829 2786 has
854 2745 928 2787 tibi
954 2745 1081 2800 prima
1105 2757 1233 2798 genas.

185 2864 254 2912 Cf.
279 2866 482 2922 Juvxxae„
503 2872 586 2910 sal.
617 2880 710 2922 ιιι,
746 2864 862 2922 186,
886 2872 934 2912 et
955 2866 1199 2922 Runa-r„
1223 2863 1283 2909 ad
1306 2865 1350 2908 h.
1376 2864 1405 2908 l.

252 2942 468 2986 Fratrum
495 2939 608 2998 ejus.
634 2940 753 2987 Vide
781 2941 951 2997 Tiber„
979 2955 1074 2987 nv.

255 3016 389 3073 Casu.
412 3016 559 3063 Tacit.
572 3051 586 3075 ,
613 3019 783 3064 Annal.
795 3050 813 3074 ,
834 3032 909 3076 vx,
926 3031 1017 3064 20:
1038 3036 1059 3059 «ι
1072 3018 1324 3066 Immanem
1345 3016 1553 3062 anixnum
1573 3012 1776 3063 subdola
1790 3027 1896 3059 mo-

186 3092 333 3140 destia
357 3101 540 3155 tegens,
564 3109 663 3140 non
690 3094 990 3140 damnatione
1012 3094 1201 3150 matris,
1224 3108 1320 3140 non
1345 3091 1509 3139 exsilio
1531 3092 1729 3138 fratrum
1757 3096 1897 3149 rupta

185 3184 315 3216 voce.
340 3188 362 3211 υ

261 3247 606 3292 Transmietem.
630 3247 800 3305 Tacit„
827 3249 1000 3294 Amal.
1015 3280 1031 3302 ,
1056 3262 1107 3293 vx
1123 3280 1136 3304 ,
1169 3244 1230 3301 105
1265 3262 1277 3290 t
1314 3265 1333 3286 «
1358 3246 1478 3292 Nam
1516 3243 1602 3290 etsi
1635 3251 1897 3289 commotus

186 3322 392 3384 ingenio,
424 3321 770 3369 simulationum
791 3333 946 3370 tamen
972 3324 1081 3368 falsa
1107 3322 1156 3367 in
1181 3322 1288 3369 sinu
1316 3321 1428 3366 aviae
1449 3318 1779 3381 pet-didicerat.
1810 3338 1831 3356 -

1621 3402 1704 3458 16.
