2372 3918
965 243 1264 289 TIBERIUS.
1882 257 1899 288 ι
1910 243 1969 289 23

271 343 423 400 «lema
458 345 731 423 imposuit.
763 344 989 421 Recepit
1008 356 1062 401 et
1086 346 1269 422 signa,
1295 363 1415 421 quoe
1438 346 1516 399 M.
1540 348 1736 402 Crasso
1759 345 1972 403 ademe-

271 456 395 500 rant
412 445 614 502 Parthi.
638 449 767 504 Post
790 444 902 500 haec
926 446 1211 501 Comatam
1239 442 1476 501 Galliam
1504 463 1649 500 anno
1673 443 1783 501 fere
1806 447 1973 519 rexit,

270 557 325 601 et
344 546 702 604 barbarorum
723 545 1155 618 incursionibus,
1187 557 1242 602 et
1270 545 1580 623 principum
1603 543 1873 602 discordia
1899 548 1975 603 in·

271 645 524 721 quietam.
570 645 711 703 Exin
758 645 1024 702 Raeticum
1068 643 1520 722 Vindelicumque
1565 642 1767 701 bellum
1785 686 1801 716 ,
1850 645 1976 701 inde

269 746 657 803 Germanicum
684 746 862 824 gessit.
887 746 1091 803 Raetico
1117 758 1279 823 atque
1303 744 1590 803 Vindelico
1615 756 1802 823 gentes
1826 743 1978 822 Alpi·

271 866 394 918 nas3
433 847 748 904 Pannonico
786 849 1022 904 Breucos
1060 859 1116 903 et
1149 844 1430 904 Dalmatas
1462 847 1706 924 subegit3
1746 848 1976 904 Germa-

271 946 393 1001 nico
419 945 780 1024 quadraginta
807 946 976 1004 millia
1004 946 1383 1007 dediticiorum
1405 947 1616 1025 trajecit
1637 946 1692 1002 in
1714 943 1976 1017 Galliam,

266 1045 530 1122 juxtaque
550 1046 726 1124 ripam
745 1047 924 1104 Rheni
955 1046 1173 1105 sedibus
1191 1047 1473 1125 assignatis
1498 1045 1799 1103 collocavit.
1824 1047 1978 1118 Quas

270 1146 338 1200 ob
369 1166 479 1220 reS,
509 1158 563 1203 et
591 1168 788 1222 ovanS,
812 1160 866 1205 et
889 1169 1057 1206 curru
1081 1149 1289 1206 Urbem
1316 1150 1586 1226 ingressus
1613 1159 1721 1221 est,
1742 1148 1978 1226 primuS,

272 1258 331 1301 ut
358 1247 581 1323 quidam
602 1261 827 1326 putant,
848 1248 1269 1328 triumphalibus
1291 1251 1623 1306 ornamentis
1649 1249 1978 1322 honoratus,

271 1366 417 1402 novo
449 1368 548 1404 nec
580 1360 741 1405 antea
771 1350 1028 1427 cuiquam
1058 1350 1265 1407 tributo
1291 1370 1487 1427 genere
1507 1349 1749 1406 honoris.
1775 1331 1980 1426 Magis-

273 1458 445 1502 tratus
468 1459 523 1503 et
546 1450 812 1506 maturius
835 1450 1137 1521 inchoavit,
1162 1463 1216 1506 et
1246 1470 1398 1528 paene
1421 1450 1656 1526 junctim
1685 1469 1980 1527 percucur-

270 1547 340 1602 rit
368 1559 728 1623 quaesturam,
765 1562 1091 1626 praeturam,
1132 1548 1515 1607 consulatum:
1550 1550 1978 1627 interpositoque

268 1658 545 1724 tempore,
562 1648 752 1705 consul
781 1651 978 1706 iterum
1010 1651 1172 1707 etiam
1203 1650 1547 1706 tribuniciam
1573 1661 1893 1727 potestatem
1920 1650 1977 1705 in

268 1749 705 1824 quinquennium
735 1752 957 1828 accepit.

344 1849 415 1903 X.
449 1851 556 1904 Tot
582 1851 854 1927 prosperis
877 1851 1303 1922 confluentibuS,
1334 1853 1540 1928 integra
1571 1863 1727 1907 aetate
1754 1871 1818 1907 ac
1843 1849 1982 1907 vale-

268 1949 487 2023 tudine,
530 1952 722 2007 statuit
756 1964 980 2029 repente
1020 1952 1293 2024 secedere,
1334 1973 1496 2029 seque
1531 1972 1561 2009 e
1602 1950 1981 2028 medioquam

268 2049 578 2128 longissime
600 2072 851 2109 amovere
875 2075 888 2109 :
920 2053 1173 2125 dubium,
1203 2054 1458 2110 uxorisne
1486 2052 1670 2123 taedio,
1694 2073 1859 2129 quam
1888 2073 1981 2109 ne-

270 2174 377 2229 que
418 2154 693 2210 criminari
731 2166 826 2211 aut
872 2154 1144 2211 dimittere
1186 2154 1437 2226 auderet,
1471 2174 1645 2231 neque
1682 2151 1827 2209 ultra
1858 2174 1982 2231 per-

270 2252 408 2309 ferre
436 2265 651 2331 posset3
682 2274 752 2310 an
786 2266 881 2327 ut,
913 2254 1083 2311 vitato
1112 2254 1442 2311 assiduitatis
1470 2253 1713 2325 fastidio,
1743 2253 1983 2310 auctori-

270 2366 434 2410 tatem
466 2354 709 2411 absentia
733 2366 1003 2427 tueretur,
1029 2367 1194 2432 atque
1219 2356 1381 2411 etiam
1407 2365 1631 2431 augeret
1647 2397 1662 2427 ,
1693 2354 1736 2410 si
1760 2353 1983 2430 quando

271 2455 589 2532 indiguisset
637 2456 722 2511 sui
767 2454 1090 2534 respublica.
1133 2454 1374 2529 Quidam
1413 2455 1747 2526 existimant,
1785 2453 1985 2518 adultis

266 2556 378 2631 jam
395 2555 627 2633 Augusti
645 2553 854 2630 liberis,
871 2554 992 2613 loco
1008 2568 1062 2612 et
1081 2557 1235 2633 quasi
1257 2555 1593 2634 possessione
1615 2556 1860 2633 usurpati
1878 2575 1910 2610 a
1929 2576 1984 2610 se
2059 2555 2067 2564 ’

273 2654 366 2711 diu
387 2654 607 2711 secundi
627 2655 827 2733 gradus
850 2668 1043 2733 sponte
1070 2656 1312 2727 cessisse,
1336 2653 1582 2732 exemplo
1600 2656 1677 2711 M.
1700 2656 1984 2733 Agrippae,

273 2757 391 2830 qui,
420 2757 498 2811 M.
530 2754 791 2812 Marcello
822 2756 893 2812 ad
922 2776 1149 2812 munera
1171 2754 1391 2833 publica
1415 2754 1667 2826 admoto,
1691 2754 1985 2833 Mytilenas

274 2856 500 2926 abierit;
533 2876 600 2912 ne
634 2868 731 2912 aut
758 2856 974 2913 obstare
993 2898 1008 2926 ‚
1041 2867 1137 2912 aut
1170 2854 1476 2914 obtrectare
1510 2876 1743 2933 praesens
1777 2855 1985 2912 videre-

275 2966 380 3010 tur.
419 2958 603 3030 Quam
641 2976 858 3013 causam
896 2968 951 3013 et
989 2956 1131 3034 ipse,
1169 2955 1263 3012 sed
1295 2970 1517 3035 postea,
1550 2955 1802 3014 reddidit.
1831 2957 1987 3012 Tunc

275 3068 457 3112 autem
488 3056 761 3114 honorum
794 3059 1095 3114 satietatem
1122 3079 1184 3115 ac
1212 3059 1451 3135 requiem
1481 3057 1728 3114 laborum
1758 3068 1989 3133 praeten-

278 3156 438 3229 dens,
477 3171 841 3216 commeatum
884 3160 1055 3236 petiit.
1099 3160 1288 3235 Neque
1328 3171 1423 3214 aut
1463 3158 1623 3214 matri
1669 3154 1988 3233 suppliciter

281 3261 554 3335 precanti,
582 3273 675 3316 aut
709 3261 898 3316 vitrico
918 3303 932 3330 ,
963 3259 1133 3316 deseri
1169 3281 1223 3314 se
1256 3261 1417 3315 ctiam
1450 3261 1503 3314 in
1537 3270 1722 3314 senatu
1753 3276 1989 3334 conque·
