2372 3918
434 292 522 354 198
1097 292 1146 336 e.
1182 291 1471 338 sumonn

430 394 696 451 machinis
732 392 1008 450 labefactis
1049 394 1271 472 opifices
1316 395 1650 473 diffugerint.
1695 395 2127 472 Supervenitque

429 492 579 550 il‘lico
599 492 822 571 quidam
843 494 1059 552 Cassius
1081 514 1301 571 quoque
1325 495 1569 567 nomine,
1589 494 1801 571 jussum
1830 513 1887 550 se
1913 494 2129 552 somnio

430 592 745 664 affirmans,
791 591 1072 649 immolare
1111 604 1331 650 taurum
1374 593 1515 650 Jovi.
1556 591 1887 670 Capitolium
1926 596 2130 669 Capuae

431 691 611 750 idibus
649 692 858 749 martiis
902 691 970 747 de
1012 690 1148 748 coelo
1187 703 1392 750 tactum
1434 705 1515 749 est
1555 714 1569 748 ε
1608 693 1737 749 item
1775 695 1961 749 Romae
1997 690 2133 747 cella

429 790 665 856 Palatini
719 791 983 849 atriensis,
1032 792 1149 848 Nec
1202 790 1496 848 defuerunt
1516 835 1532 864 ,
1579 792 1673 869 qui
1724 791 2096 868 conjectarent
2116 834 2131 862 ,

431 890 606 947 altero
635 902 850 947 ostento
873 889 1178 968 periculum
1203 911 1235 946 a
1264 890 1579 948 custodibus
1602 891 1824 947 domino
1851 889 2133 968 portendi3

435 988 607 1045 altero
625 1033 641 1062 ,
672 989 876 1046 caedem
908 1010 1098 1046 rursus
1127 989 1421 1067 insignem,
1452 989 1626 1066 qualis
1653 990 1843 1047 eodem
1874 989 1961 1046 die
1993 989 2136 1046 facta

434 1087 713 1165 quondam
753 1087 956 1144 fuisset.
995 1086 1318 1145 Consulenti
1353 1109 1571 1165 quoque
1611 1089 1678 1145 de
1717 1090 1966 1167 genitura
2005 1109 2135 1157 sua,

438 1185 589 1243 Sulla
637 1187 1050 1242 mathematicus
1077 1230 1093 1259 ,
1142 1211 1168 1238 «
1208 1187 1563 1243 certissimam
1608 1208 1794 1244 necem
1839 1188 2137 1266 appropin-

435 1306 637 1362 quare,
679 1310 708 1339 n
752 1285 1061 1341 affirmavit.
1112 1287 1451 1341 Monuerunt
1502 1298 1555 1341 et
1602 1299 1772 1343 sortes
1805 1287 2100 1343 Antiatinae
2123 1330 2138 1356 ,

438 1408 466 1436 «
489 1395 551 1439 ut
581 1404 612 1440 a
648 1384 836 1440 Cassio
867 1395 1096 1439 caveret.
1127 1409 1155 1436 »
1191 1385 1314 1456 Qua
1344 1404 1503 1439 causa
1537 1383 1626 1439 ille
1655 1385 1903 1440 Cassium
1935 1387 2140 1463 Longi-

439 1503 602 1555 num,
629 1483 769 1539 Asiae
795 1493 912 1538 tum
940 1481 1354 1559 proconsulem,
1384 1481 1741 1538 occidendum
1767 1481 2141 1560 delegaverat,

439 1582 750 1652 immemor,
794 1582 1074 1638 Chaeream
1105 1582 1353 1638 Cassium
1396 1581 1685 1636 nominari.
1721 1580 1935 1655 Pridie,
1977 1603 2140 1659 quam

442 1681 677 1757 periret,
715 1681 1039 1753 somniavit,
1080 1681 1371 1737 consistere
1404 1701 1467 1736 se
1502 1682 1557 1736 in
1597 1678 1732 1737 coelo
1759 1681 1914 1757 juxta
1945 1680 2143 1737 solium
2234 1748 2241 1754 ⁷

441 1780 627 1849 Jovis,
670 1779 1078 1858 impulsumque
1111 1780 1178 1835 ab
1214 1801 1279 1836 eo
1313 1779 1485 1835 dextri
1520 1779 1671 1857 pedis
1713 1778 1942 1858 pollice,
1976 1792 2039 1836 ‘e‘t
2083 1782 2140 1836 in

443 1891 615 1935 terras
631 1881 1046 1957 praecipitatum.
1065 1878 1451 1957 Prodigiorum
1466 1877 1588 1934 loco
1604 1879 1791 1934 habita
1808 1891 1935 1935 sunt
1951 1879 2114 1935 etiam
2129 1922 2143 1950 ,

441 1997 562 2053 quae
597 1977 736 2033 forte
774 1976 869 2034 illo
909 1979 1028 2055 ipso
1063 1978 1149 2034 die
1190 1977 1353 2055 paulo
1384 1979 1537 2056 prius
1574 1976 1899 2034 acciderant.
1930 1978 2147 2034 Sacrifi-

441 2096 570 2132 cans
600 2098 877 2154 respersus
908 2090 988 2134 est
1022 2079 1418 2155 phoenicopteri
1455 2079 1732 2155 sanguine.
1770 2080 1840 2133 Et
1871 2078 2145 2154 pantomi-

442 2185 565 2231 mus
599 2177 844 2232 Mnester
873 2177 1192 2254 tragoediam
1219 2176 1465 2247 saltavit,
1497 2197 1662 2253 quam
1687 2174 1817 2232 olim
1845 2173 2146 2252 Neoptole-

442 2295 564 2330 mus
593 2276 868 2353 tragoedus
901 2274 1044 2332 ludis
1062 2319 1077 2347 ,
1108 2275 1308 2352 quibus
1342 2297 1436 2332 rex
1465 2275 1829 2331 Macedonum
1864 2272 2148 2351 Philippus

443 2375 654 2431 occisus
681 2387 790 2447 est,
821 2388 1020 2452 egerat.
1049 2378 1121 2432 Et
1149 2396 1318 2452 quum
1348 2377 1404 2431 in
1435 2374 1705 2432 Laureolo
1732 2375 1923 2443 mim0,
1951 2374 2008 2429 in
2038 2394 2148 2449 quo

445 2484 597 2530 actor
629 2475 937 2551 proripiens
967 2495 1024 2530 se
1060 2477 1220 2531 ruina
1252 2476 1571 2552 sanguinem
1610 2474 1782 2529 vomit
1801 2516 1817 2544 ,
1852 2472 2035 2549 plures
2067 2493 2150 2527 se-

446 2572 754 2637 cundarum
784 2576 1031 2629 certatim
1067 2574 1502 2651 experimentum
1532 2574 1663 2630 artis
1702 2572 1925 2642 darent,
1955 2592 2150 2627 cruore

446 2690 610 2726 scena
643 2671 961 2728 abundavit.
993 2673 1299 2729 Parabatur
1333 2685 1386 2729 et
1416 2674 1473 2729 in
1503 2684 1717 2729 noctem
1749 2670 2147 2750 spectaculum,

447 2752 573 2845 quo·
603 2783 925 2848 argumenta
971 2771 1272 2829 inferorum
1314 2794 1413 2850 per
1460 2773 1741 2851 AEgyptios
1781 2784 1834 2829 et
1872 2771 2151 2849 AEthiopas

447 2867 860 2945 explicarentur.

525 2970 729 3025 LVIII.
751 2972 917 3027 Nono
937 2970 1193 3028 kalendas
1214 2973 1512 3030 februarias
1526 3015 1541 3043 ,
1560 2973 1697 3028 hora
1721 2973 1875 3049 quasi
1895 2970 2151 3049 septima,

449 3079 768 3143 cunctatus,
806 3091 877 3126 an
915 3071 985 3127 ad
1019 3071 1312 3149 prandium
1347 3084 1624 3149 surgeret,
1665 3083 1937 3128 marcente
1971 3069 2150 3126 adhue

453 3169 733 3224 stomacho
758 3169 999 3246 pridiani
1025 3171 1132 3227 cibi
1158 3190 1354 3243 onere,
1386 3171 1606 3228 tandem
1633 3171 1986 3230 suadentibus
2013 3170 2151 3224 ami-

452 3265 527 3321 cis
558 3287 800 3344 egressus
834 3281 929 3325 est.
964 3254 1151 3341 Quum
1185 3270 1240 3324 in
1285 3283 1506 3348 crypta,
1541 3293 1637 3348 per
1671 3291 1833 3347 quam
1864 3282 2151 3326 transeun-
