2372 3918
751 240 1057 288 OCTAVIUS
1083 242 1413 290 AUGUSTUS.
1873 257 1932 300 77

237 347 395 415 sim0,
416 344 687 401 interdum
714 342 866 400 nullo
900 345 1107 422 pretio,
1138 345 1342 400 viritim
1370 343 1658 401 admensus
1686 358 1792 419 est,
1824 358 1930 404 tes-

236 465 485 521 serasque
517 444 845 501 nnmmarias
870 442 1184 521 duplicavit.

315 548 487 602 XLII.
521 543 629 602 Sed
644 555 707 600 ut
734 541 1005 600 salubrem
1033 544 1203 621 magis
1224 563 1390 621 quam
1419 542 1766 600 ambitiosum
1791 547 1936 622 prin-

236 645 412 723 cipem
442 645 636 717 scireS,
668 656 988 720 querentem
1027 642 1094 699 de
1130 644 1313 721 inopia
1343 654 1398 699 et
1430 643 1655 700 caritate
1685 645 1801 700 vini
1836 666 1937 722 po-

237 743 431 822 pulum
459 742 792 801 severissima
819 743 1060 800 coercuit
1086 763 1217 799 voce
1248 764 1261 799 :
1283 743 1465 800 «Satis
1495 745 1777 821 provisum
1802 765 1833 800 a
1855 765 1941 821 ge-

239 864 370 900 nero
399 864 498 900 suo
514 843 788 921 Agrippa,
805 841 1079 920 perductis
1103 841 1353 920 pluribus
1381 844 1559 920 aquis,
1593 864 1662 900 ne
1691 844 1941 901 homines

239 945 502 1000 sitirent.»
517 942 705 999 Eidem
736 941 972 1021 popu10,
992 943 1319 1019 promissum
1347 941 1568 1020 quidem
1600 943 1940 1020 congiarium

237 1042 566 1120 reposcenti,
600 1046 799 1099 «Bonae
845 1063 900 1098 se
934 1040 1060 1098 fidei
1091 1062 1275 1115 esse,»
1315 1041 1598 1121 respondit
1631 1063 1643 1097 ε
1670 1063 1782 1097 non
1826 1063 1946 1120 pro-

200 1179 205 1182 ·
238 1144 462 1199 missum
499 1154 683 1198 autem
717 1141 982 1220 flagitanti
1016 1140 1412 1219 turpitudinem
1449 1154 1503 1199 et
1548 1141 1943 1220 impudentiam

239 1242 416 1299 edicto
428 1242 794 1319 exprobravit,
815 1241 1230 1318 affirmavitque,
1244 1263 1355 1298 non
1382 1241 1659 1314 daturum,
1679 1264 1735 1299 se
1754 1263 1947 1320 quam-

240 1343 322 1398 vis
363 1342 493 1399 dare
536 1342 848 1399 destinarat.
899 1344 1015 1401 Nec
1055 1343 1268 1399 minore
1309 1345 1571 1421 gravitate
1616 1355 1783 1421 atque
1813 1363 1946 1399 con-

243 1442 465 1514 stantia,
493 1462 689 1518 quum,
709 1442 992 1519 proposito
1023 1443 1303 1520 congiario
1322 1483 1338 1512 ,
1361 1441 1563 1500 multos
1590 1444 1949 1499 manumissos

245 1543 584 1618 insertosque
610 1541 814 1598 civium
845 1562 1074 1598 numero
1107 1544 1489 1620 comperisset,
1516 1544 1739 1620 negavit
1767 1562 1951 1619 accep-

245 1653 429 1710 turos,
455 1642 653 1718 quibus
681 1642 1010 1718 promissum
1038 1662 1150 1697 non
1192 1653 1357 1707 esset;
1397 1644 1699 1718 ceterisque
1738 1643 1947 1709 minus;

245 1762 408 1818 quam
433 1742 781 1818 promiserat,
815 1739 992 1813 dedit,
1022 1753 1086 1797 ut
1121 1740 1388 1797 destinata
1422 1760 1634 1797 summa
1662 1740 1949 1797 sufficeret.

244 1843 450 1919 Magna
487 1861 617 1896 vero
658 1832 935 1917 quondam
971 1839 1275 1913 sterilitate,
1316 1860 1380 1897 ac
1413 1839 1623 1896 difficili
1675 1839 1952 1910 remedio,

246 1962 418 2018 quum
449 1939 730 1998 venalitias
771 1954 826 1997 et
876 1941 1198 1998 lanistarum
1240 1940 1497 2012 familiaS,
1529 1942 1956 2019 peregrinosque

249 2061 464 2113 omnes,
506 2042 744 2118 exceptis
788 2040 1010 2098 medicis
1038 2053 1092 2097 et
1137 2041 1594 2119 praeceptoribuS,
1635 2045 1957 2119 partemque

250 2141 619 2212 servitiorum,
641 2141 795 2197 Urbe
823 2139 1141 2218 expulisset3
1169 2153 1232 2197 ut
1254 2140 1475 2197 tandem
1504 2161 1723 2197 annona
1753 2161 1955 2196 conva-

250 2238 382 2310 luit,
405 2240 711 2318 «impetum
745 2260 800 2295 se
831 2241 1070 2317 cepisse.»
1103 2241 1319 2313 scribit,
1337 2265 1364 2293 «
1380 2240 1831 2296 frumentationes
1856 2260 1958 2318 pu·

250 2337 417 2395 b‘licas
452 2339 507 2394 in
543 2343 871 2416 perpetuum
901 2337 1184 2410 abolendi,
1217 2339 1365 2416 quod
1395 2360 1584 2396 earum
1617 2339 1815 2396 fiducia
1844 2338 1958 2395 cul-

253 2450 378 2495 tura
402 2459 661 2518 agrorum
689 2451 923 2496 cessaret
947 2459 960 2494 τ
996 2459 1172 2516 neque
1195 2452 1378 2495 tamen
1406 2459 1800 2516 perseverasse,
1835 2440 1963 2515 quia

256 2551 465 2595 certum
497 2539 747 2612 haberet,
778 2560 938 2618 posse
965 2559 1065 2618 per
1095 2539 1449 2596 ambitionem
1490 2538 1820 2616 quandoque
1855 2559 1965 2595 res-

256 2639 396 2694 titui.
416 2661 443 2690 »
468 2640 648 2715 Atque
673 2639 750 2695 ita
782 2640 1011 2716 posthac
1039 2659 1157 2695 rem
1185 2640 1532 2716 temperavit,
1562 2650 1625 2694 ut
1658 2659 1770 2694 non
1798 2639 1966 2694 mino·

258 2758 374 2793 rem
403 2749 681 2794 aratorum
712 2758 775 2794 ac
805 2739 1232 2816 negotiantium,
1253 2754 1418 2815 quam
1447 2736 1665 2818 populi,
1696 2739 1965 2800 rationem

259 2836 496 2894 duceret.

339 2939 541 2993 XLIII.
580 2935 1029 3014 Spectaculorum
1059 2948 1114 2994 et
1143 2937 1486 3006 assiduitate,
1513 2950 1567 2994 et
1598 2939 1861 2994 varietate
1891 2949 1970 2992 at·

259 3059 366 3116 que
399 3037 828 3117 magnificentia,
859 3059 1048 3096 omnes
1089 3040 1393 3095 antecessit.
1436 3039 1646 3095 Fecisse
1688 3037 1846 3093 ludos
1887 3057 1970 3105 se,

261 3140 359 3212 ait,
379 3160 478 3195 suo
508 3140 727 3196 nomine
756 3150 949 3216 quater
973 3160 984 3194 ε
1009 3160 1111 3217 pro
1141 3137 1258 3195 aliis
1287 3139 1724 3216 magistratibus,
1755 3138 1849 3215 qui
1876 3148 1971 3192 aut

264 3239 534 3311 abessent,
550 3251 645 3295 aut
679 3260 790 3294 non
819 3238 1129 3295 sufficerent
1145 3283 1159 3309 ,
1179 3252 1261 3295 ter
1284 3252 1337 3295 et
1355 3241 1532 3295 vicies.
1553 3238 1811 3314 Fecitque
1830 3258 1973 3293 non-
