2372 3918
363 264 453 320 246
1030 262 1084 307 C..
1116 262 1399 309 SUETONII

362 367 732 437 commeabat,
757 366 933 442 primo
961 364 1131 435 clam,
1158 365 1350 421 deinde
1378 365 1658 442 propalam
1694 387 1706 421 :
1742 379 1800 422 ut
1843 370 2043 425 nemini

361 468 588 523 dubium
616 450 786 534 esset,
814 486 878 520 eo
903 464 989 520 die
1011 465 1199 540 utique
1226 466 1555 522 adfuturum.
1579 466 1769 542 Neque
1800 466 2046 524 dissimu-

359 566 530 637 labat,
569 563 706 620 velle
751 585 807 620 se
850 563 1154 640 palmarum
1198 584 1485 620 numerum
1535 563 1790 641 ampliare
1827 586 1839 620 :
1881 587 2047 642 quare

361 663 730 742 spectaculum
766 661 1134 739 multiplicatis
1169 664 1418 721 missibus
1457 667 1513 720 in
1547 685 1726 720 serum
1764 666 2044 742 protrahe-

357 765 547 834 batur,
577 784 647 818 ne
688 762 920 818 dominis
957 761 1174 837 quidem
1199 764 1311 840 jam
1341 765 1634 820 factionum
1670 764 2045 842 dignantibus,

358 865 461 919 nisi
494 863 562 918 ad
595 864 759 918 totius
791 862 895 917 diei
932 883 1147 918 cursum
1167 905 1182 933 ‚
1213 884 1398 940 greges
1428 863 1639 920 ducere.
1671 867 1801 920 Mox
1840 877 1892 920 et
1933 866 2047 941 ipse

358 963 608 1039 aurigare
628 1004 643 1033 ,
675 973 835 1038 atque
864 962 1026 1025 etiam
1055 963 1281 1038 spectari
1303 964 1497 1038 saepius
1526 963 1698 1019 voluit
1723 986 1734 1018 :
1764 966 2048 1040 positoque

356 1064 413 1116 in
445 1062 619 1117 hortis
653 1062 794 1117 inter
819 1062 1035 1129 servitia
1068 1074 1122 1117 et
1152 1061 1422 1117 sordidam
1453 1061 1664 1139 plebem
1706 1063 2047 1134 rudimentO,

356 1163 733 1218 universorum
756 1182 810 1216 se
839 1159 1007 1216 oculis
1042 1162 1098 1215 in
1129 1162 1289 1217 Circo
1317 1164 1556 1218 maximo
1581 1163 1810 1238 praebuit
1827 1205 1843 1233 ,
1863 1161 2045 1239 aliquo

355 1261 549 1316 liberto
578 1262 823 1317 mittente
851 1281 1101 1337 mappam
1122 1303 1137 1330 ‚
1168 1261 1313 1316 unde
1338 1263 1681 1338 magistratus
1715 1261 1903 1317 solent.
1932 1265 2048 1320 Nec

357 1371 643 1415 contentus
684 1361 880 1414 harum
925 1361 1123 1414 artium
1172 1360 1536 1435 experimenta
1557 1386 1561 1393 r
1580 1362 1768 1414 Romae
1808 1360 2047 1431 dedisse,

354 1459 614 1515 Achaiam
634 1501 648 1530 ,
685 1471 744 1516 ut
773 1458 1035 1527 diximuS,
1067 1458 1225 1533 petit,
1254 1458 1383 1513 hinc
1415 1459 1646 1512 maxime
1665 1470 1859 1513 motus,
1892 1460 2050 1514 Insti-

356 1570 572 1613 tuerant
610 1559 884 1630 civitateS,
915 1556 1060 1633 apud
1091 1577 1224 1632 quas
1261 1558 1450 1613 musici
1486 1577 1681 1633 agones
1719 1556 1805 1612 edi
1846 1556 2048 1628 solent,

354 1677 543 1712 omnes
563 1656 984 1712 citharoedorum
1005 1676 1232 1712 coronas
1253 1656 1321 1711 ad
1344 1657 1522 1732 ipsum
1545 1658 1773 1711 mittere.
1792 1659 1898 1712 Eas
1913 1656 2048 1712 adeo

358 1767 510 1833 grate
539 1756 833 1831 recipiebat
848 1797 862 1825 ,
883 1766 946 1810 ut
969 1753 1173 1831 legatos
1190 1798 1205 1826 ,
1228 1756 1321 1830 qui
1344 1753 1693 1830 pertulissent
1709 1798 1724 1825 ,
1752 1775 1863 1811 non
1885 1756 2047 1811 modo

328 1856 560 1931 *primos
595 1854 937 1922 admitteret,
972 1853 1066 1909 sed
1095 1855 1257 1909 etiam
1289 1852 1638 1908 familiaribus
1674 1853 1846 1930 epulis
1884 1856 2047 1910 inter-

357 1965 596 2029 poneret.
632 1958 679 2010 A
702 1952 1026 2028 quibusdam
1050 1973 1115 2007 ex
1143 1953 1226 2009 his
1255 1964 1501 2029 rogatu&
1525 1964 1587 2007 ut
1613 1964 1853 2008 cantaret
1885 1974 2048 2030 super

355 2072 562 2107 coenam
580 2095 594 2124 ,
654 2064 1017 2127 exceptusque
1075 2050 1296 2106 effusius
1315 2094 1329 2122 ,
1387 2074 1414 2102 «
1452 2049 1606 2106 Solos
1663 2053 1799 2106 scire
1860 2053 2045 2109 audire

355 2153 572 2206 Graecos
593 2193 607 2219 ,
654 2150 904 2225 solosque
945 2170 1001 2204 se
1037 2160 1090 2204 et
1129 2149 1319 2204 studiis
1356 2150 1466 2205 suis
1500 2150 1725 2226 dignOS,
1749 2175 1776 2202 ν)
1811 2152 1902 2227 ait.
1934 2136 2062 2210 Nec„

352 2248 686 2325 profectione
711 2247 873 2303 dilata
892 2291 907 2319 ,
934 2260 994 2303 ut
1014 2249 1248 2324 primum
1275 2249 1568 2330 Cassiopen
1599 2250 1834 2326 trajecit,
1862 2251 2039 2308 statim

353 2348 421 2403 ad
449 2369 597 2404 aram
619 2349 765 2404 Jovis
799 2349 970 2404 Cassii
999 2360 1217 2404 cantare
1244 2349 1551 2424 auspicatus
1577 2362 1674 2406 est.

428 2450 636 2504 XXIII.
665 2450 977 2505 Certamina
1006 2447 1256 2524 deinceps
1288 2447 1424 2503 obiit
1445 2449 1642 2503 omnia.
1673 2450 1816 2505 Nam
1846 2462 1900 2505 et
1924 2444 2043 2526 quae

353 2546 839 2602 diversissimorum⁴
861 2559 1165 2621 temporum
1198 2557 1352 2615 sunt,
1377 2546 1495 2622 cogi
1528 2547 1583 2600 in
1613 2567 1782 2602 unum
1812 2568 2042 2620 annum,

350 2643 672 2718 quibusdam
712 2647 873 2699 etiam
916 2644 1153 2714 iteratis,
1191 2644 1377 2719 jussit3
1415 2656 1468 2700 et
1518 2643 1781 2722 Olympiae
1829 2667 2043 2723 quoque

349 2755 543 2818 praeter
590 2743 1032 2799 consuetudinem
1071 2743 1338 2800 musicum
1383 2764 1556 2820 agona
1601 2747 1886 2801 commisit.
1935 2750 2040 2819 Ac,

349 2861 416 2896 ne
463 2841 595 2917 quid
647 2843 789 2897 circa
833 2842 944 2898 haec
991 2854 1317 2920 occupatum
1375 2855 1625 2899 avocaret
1682 2844 2038 2915 detineretve,

348 2960 519 3016 quum
559 2940 839 3017 praesentia
872 2942 987 3017 ejus
1021 2942 1232 2998 urbicas
1258 2961 1344 2998 res
1383 2962 1538 3019 egere
1577 2964 1609 2998 a
1655 2942 1850 3001 liberto
1882 2943 2039 3007 Helio

349 3037 749 3112 admoneretur,
799 3040 1074 3117 rescripsit
1117 3041 1198 3096 his
1247 3041 1422 3097 verbis
1441 3085 1456 3112 ,
1513 3065 1540 3094 t<
1573 3043 1834 3115 Quamvis
1891 3063 2037 3098 nunc

350 3151 506 3193 tuum
539 3136 822 3194 consilium
858 3141 926 3195 sit
961 3151 1016 3196 et
1055 3151 1271 3212 votum,
1303 3139 1546 3197 celeriter
1578 3143 1772 3197 reverti
1799 3162 1915 3213 me3
1953 3154 2034 3198 ta-

352 3256 475 3311 men
503 3236 728 3294 suadere
759 3251 813 3294 et
845 3250 1031 3315 optare
1059 3240 1239 3316 potius
1273 3239 1462 3312 debes,
1496 3253 1555 3296 ut
1587 3243 1806 3298 Nerone
1840 3240 2034 3318 dignus
