2372 3918
427 247 519 290 285
1193 226 1383 296 NOTAE

423 340 753 401 suffragiisque
791 342 1031 399 valuisset,
1065 343 1197 402 quod
1232 342 1320 389 sibi
1355 345 1638 403 conjunctus
1676 356 1722 391 et
1759 349 2069 398 familiaritate
2095 366 2138 399 et

421 416 760 462 necessitudine
790 417 1030 478 legationis
1053 418 1223 463 fuisset.
1239 441 1258 460 »

489 493 789 554 Conspimvic.
816 493 937 551 Cic.,
960 495 1171 556 Philipp.
1200 511 1317 553 x111,
1350 496 1405 540 16
1434 513 1444 541 :
1473 516 1496 538 α
1513 499 1609 543 Ser.
1635 501 1833 545 Galbam
1857 502 2024 549 eodem
2050 522 2140 566 pu·-

418 569 559 631 gione
589 570 879 615 succinctum
902 570 950 614 in
971 571 1133 615 castris
1165 572 1344 617 videtis.
1376 591 1393 611 ν

481 648 634 691 Peclca
658 649 738 707 leg
709 663 774 690 σα
800 648 871 691 De
907 663 1003 706 qua
1025 647 1134 691 vide
1163 648 1334 707 Neron.
1354 682 1368 703 ,
1398 665 1472 694 111.

483 726 758 769 Facultaccs.
783 725 922 769 Hunc
947 732 1104 768 tamen
1138 727 1398 784 eloquentca
1429 729 1607 771 clarum
1632 727 1744 773 dicit
1780 731 1990 776 Macrob.
2007 765 2019 788 ,
2042 733 2135 777 Sa-

420 812 539 847 turn.
568 817 632 858 11,
661 807 686 855 4
714 817 724 844 :
753 820 771 841 «
801 802 857 843 ln
887 801 1085 844 Galbam
1122 803 1387 860 eloquentia
1418 805 1623 856 clarum,
1664 805 1745 849 sed
1777 821 1917 865 quem
1952 790 2137 854 habitus

416 878 630 938 corporis
668 877 964 933 destruebat,
993 878 1058 920 M.
1099 877 1241 921 Lollii
1281 893 1377 922 vox
1419 878 1835 926 circumferebatur
1862 883 2137 944 :ingenium

415 958 574 1002 Galbae
602 956 721 999 male
746 955 942 998 habitat.
969 973 989 993 »

483 1033 623 1078 Obiit.
653 1031 722 1077 Cf.
749 1035 938 1086 TAcrr„
975 1031 1152 1074 Annal.
1170 1062 1184 1083 ‚
1219 1046 1293 1085 vl,
1325 1036 1397 1083 40.

478 1111 586 1155 Cu.
620 1110 695 1154 IV.
729 1109 880 1154 Natus
902 1116 985 1151 est.
1013 1108 1067 1150 A.
1092 1108 1151 1152 U.
1178 1105 1287 1164 751.

478 1187 701 1231 Noverea.
727 1187 908 1244 Nempe
934 1183 1067 1227 Livia
1091 1184 1318 1228 Ocellina.

475 1269 739 1328 Παρατρώξῃ.
775 1263 849 1308 Al.
873 1269 1128 1324 παρα-γεύσῃ.
1160 1262 1268 1306 Hoc
1293 1261 1538 1307 Tiberium
1563 1262 1733 1308 dixisse
1771 1275 1928 1312 narrat
1958 1269 2131 1326 Tacit,

411 1342 609 1398 Anna'l.,
634 1356 712 1396 v1,
745 1354 821 1383 20.

487 1417 778 1463 Procurami.
803 1413 1086 1475 Propitianti
1109 1429 1195 1473 per
1217 1414 1588 1474 procurationes.
1626 1419 1826 1476 Seneca,
1859 1434 1923 1476 w,
1953 1421 2132 1479 Quoese.

410 1512 477 1552 11,
507 1495 565 1541 35·
594 1510 604 1538 :
632 1494 834 1538 «Fatum
856 1490 1052 1535 fulmine
1074 1491 1246 1535 mutari
1270 1507 1367 1536 non
1389 1501 1557 1550 potest.
1584 1493 1798 1550 Quidni?
1820 1510 1929 1539 nam
1956 1497 2134 1543 fulmen

407 1571 563 1632 ipsum
584 1571 668 1615 fati
690 1585 797 1630 pars
823 1577 904 1614 est.
929 1567 1058 1626 Quid
1083 1582 1194 1627 ergo
1219 1569 1508 1627 expiationes
1531 1571 2002 1633 procurationesque,
2031 1589 2129 1634 quo

406 1648 676 1710 pertinent,
704 1647 741 1691 si
765 1645 1077 1690 immutabilia
1110 1653 1219 1689 sunt
1250 1643 1381 1688 fata?
1410 1665 1428 1684 »

480 1727 752 1771 Oblcemem.
784 1724 844 1768 H.
876 1739 915 1768 e.
949 1722 1057 1767 mali
1082 1721 1262 1767 ominis.
1296 1725 1489 1768 Festus:
1516 1723 1701 1782 «Apud
1723 1724 1945 1784 antiquos
1969 1741 2129 1773 omnes

407 1804 504 1849 fere
545 1803 741 1847 obscena
774 1801 896 1845 dicta
930 1809 1061 1857 sunt,
1110 1814 1214 1860 quae
1244 1800 1366 1843 mali
1388 1800 1554 1844 ominis
1587 1800 1895 1846 habebantur.
1922 1821 1945 1842 n
1971 1804 2042 1848 De
2076 1797 2130 1850 re

409 1881 664 1937 Cf.P1.11v.,
690 1881 748 1922 H.
773 1879 858 1932 N.,
885 1893 1007 1934 v111,
1040 1883 1115 1932 44.

471 1961 575 2002 Cu».
610 1959 669 2001 V.
701 1955 966 2001 Sollccc‘tclzn
992 1955 1049 1998 H.
1076 1970 1116 1998 e.
1143 1953 1434 2018 persuaderi.

470 2036 672 2089 Notata,
695 2049 787 2077 non
799 2032 1072 2091 perfer-[pta.
1099 2032 1156 2074 H.
1184 2042 1222 2074 e.
1242 2029 1501 2074 litterarum
1527 2009 1817 2091 compendiis
1841 2035 2091 2093 perstricta
2110 2070 2123 2090 ,

340 2158 345 2163 ,
404 2126 504 2156 non
528 2109 747 2154 omnibus
770 2107 936 2152 litteris
962 2121 1194 2165 expiessa.

470 2187 674 2232 Summa.
706 2187 757 2229 A.
786 2185 844 2228 U.
873 2183 984 2240 767,
1008 2182 1100 2226 kal.
1129 2182 1226 2239 jan.

472 2266 581 2310 Cn.
606 2264 685 2306 VI.
718 2260 989 2305 Floralium.
1021 2261 1092 2302 De
1118 2258 1291 2317 quibus
1316 2257 1385 2302 Cf.
1410 2258 1650 2302 LACTANT.
1671 2291 1684 2315 ,
1715 2260 1774 2302 de
1803 2261 1903 2306 Rel.
1921 2295 1937 2315 ,
1963 2279 2006 2320 1,
2032 2278 2094 2310 20
2115 2281 2126 2308 :

404 2361 424 2381 «e
454 2341 597 2387 Flora
636 2353 781 2398 quum
818 2351 1010 2396 magnas
1049 2350 1209 2394 opes...
1248 2350 1355 2378 cum
1384 2333 1623 2393 pudendis
1661 2335 1870 2381 motibus
1907 2338 2127 2385 detinen-

403 2427 494 2463 tur.
525 2436 544 2457 »
571 2417 628 2460 Et
660 2417 855 2469 Rosm„
886 2415 996 2456 Ant.
1023 2412 1189 2465 Rom.‚
1221 2426 1266 2466 v,
1305 2410 1379 2456 15.

473 2492 686 2549 Prajfuit.
708 2492 765 2535 A.
797 2491 856 2535 U.
886 2487 992 2541 784.
1016 2533 1018 2535 .

475 2568 790 2624 ordinarium.
819 2569 874 2610 A.
893 2567 953 2611 U.
982 2562 1090 2621 786.
1113 2564 1360 2608 ordinarii
1379 2563 1660 2608 dicebantur
1691 2567 1907 2611 consules
1931 2567 2015 2627 qui
2028 2568 2121 2614 kal.

399 2649 495 2708 jan.
521 2645 959 2691 inibant‘honorem
982 2649 1226 2685 etnomen
1253 2655 1378 2684 anno
1411 2639 1601 2705 dabant.

475 2724 759 2769 Moderatus,
792 2746 855 2753 —-
885 2718 1135 2763 Moderare'
1165 2717 1210 2760 h.
1236 2716 1265 2760 l.
1300 2724 1368 2760 est
1397 2715 1623 2760 militibus
1661 2718 1850 2776 praeire,
1887 2734 2122 2778 praemon-

401 2811 550 2847 strare
572 2807 732 2844 motus
757 2810 944 2849 omnes,
979 2802 1114 2838 scuto
1147 2793 1450 2837 decurrentes
1474 2807 1652 2851 regere.

470 2879 576 2923 CAP.
600 2877 707 2921 VII.
731 2872 1059 2918 Occasionem.
1086 2869 1158 2913 Sc.
1184 2867 1402 2927 capiendi
1417 2867 1626 2927 *imperii

466 2950 813 3013 Expediteonis.
840 2947 908 2993 Cf.
938 2947 1123 2998 Claud„
1151 2960 1273 2990 xvn.

470 3030 692 3090 Africam
728 3025 986 3080 Plutarch,
1017 3023 1067 3067 in
1094 3022 1258 3074 Galb„
1298 3037 1344 3080 p.
1377 3018 1535 3073 1054:
1570 3028 1788 3083 Agnygwtm
1827 3025 1976 3078 Διςὺης
2012 3031 2124 3073 ἀνω,

402 3131 531 3165 mro-5
551 3131 639 3172 γενο
634 3115 756 3172 ’ςμενο
779 3127 848 3154 συν
871 3109 1012 3166 ὀλίγοις
1033 3108 1299 3152 ἐπαινεθῆναι.

468 3188 575 3233 Cu.
611 3185 740 3228 Vm.
776 3177 1183 3239 Quisulecimoims.
1221 3175 1408 3230 Quibus
1443 3173 1586 3219 sacris
1619 3174 1894 3233 praefuerint
1930 3177 2038 3222 vide
2072 3180 2119 3224 in

405 3265 554 3314 Coess,
581 3273 779 3313 mxxxix..
