2372 3918
895 279 1225 348 CLAUDHJS.
1815 319 1904 362 ²⁰7

290 409 384 466 IX.
429 408 536 465 Sed
574 428 642 466 ne
682 406 1082 464 discriminibus
1121 405 1343 482 quidem
1395 409 1571 464 caruit
1604 429 1615 462 :
1670 408 1905 484 primum

210 509 265 563 in
301 509 418 585 ipso
445 506 754 576 consulatu,
777 504 926 583 quod
949 506 1181 563 Neronis
1208 517 1263 562 et
1289 506 1456 562 Drusi
1476 548 1492 576 ‚
1525 505 1754 563 fratrum
1787 511 1903 565 Cae-

208 609 368 680 saris,
399 620 600 666 statuas
632 606 849 685 segnius
894 605 1151 663 locandas
1198 605 1588 684 ponendasque
1630 621 1905 678 curasset,

208 729 359 784 paene
387 709 593 765 honore
628 716 931 763 summotus
958 718 1064 777 est;
1096 705 1319 777 deinde,
1350 717 1609 763 extraneo
1636 704 1719 762 vel
1742 708 1903 764 etiam

207 807 629 865 domesticorum
676 805 861 884 aliquo
912 806 1183 863 deferente
1205 848 1222 879 ,
1265 804 1479 862 assidue
1511 806 1769 882 varieque
1820 807 1903 861 in-

207 908 496 983 quietatus.
561 905 750 978 Quum
788 926 918 963 vero
946 906 1159 962 detecta
1189 916 1327 962 esset
1351 903 1544 982 Lepidi
1569 916 1623 961 et
1653 903 1909 961 Gaetulici

206 1008 538 1085 conjuratio,
566 1008 761 1065 missus
791 1009 848 1063 in
882 1008 1236 1064 Germaniam
1270 1007 1415 1063 inter
1449 1004 1655 1083 legatos
1686 1004 1758 1061 ad
1785 1026 1909 1083 gra-

209 1107 527 1179 tulandum,
572 1108 735 1164 etiam
775 1108 898 1164 vitae
939 1104 1242 1185 periculum
1279 1090 1453 1162 adiit:
1485 1104 1806 1183 indignante
1846 1125 1909 1160 ac

206 1207 468 1265 fremente
493 1209 645 1279 Caio,
669 1220 926 1285 patruum
948 1206 1292 1285 potissimum
1308 1205 1378 1262 ad
1402 1225 1457 1261 se
1481 1205 1724 1278 missum,
1753 1205 1910 1281 quasi

206 1307 275 1364 ad
297 1328 527 1385 puerum
563 1307 893 1386 regendum3
924 1304 1089 1377 adeO,
1116 1318 1180 1362 ut
1207 1326 1318 1367 non
1343 1304 1643 1374 defuerint,
1676 1305 1770 1380 qui
1795 1317 1907 1361 tra-

207 1407 431 1482 derent,
467 1408 863 1485 praecipitatum
905 1426 1123 1484 quoque
1160 1407 1216 1462 in
1256 1405 1485 1476 flumen,
1515 1405 1655 1461 sicut
1687 1406 1912 1460 vestitus

208 1507 513 1564 advenerat.
545 1513 722 1584 Atque
755 1528 820 1563 ex
843 1527 909 1564 eo
938 1526 1222 1583 nunquam
1249 1526 1359 1562 non
1382 1506 1438 1561 in
1460 1517 1652 1562 senatu
1684 1505 1913 1561 novissi-

210 1628 332 1664 mus
380 1606 747 1664 consularium
801 1608 1124 1663 sententiam
1175 1606 1337 1678 dixit,
1380 1606 1692 1683 ignominiae
1744 1625 1906 1661 causa

208 1719 334 1784 post
357 1727 543 1764 omnes
572 1709 951 1784 interrogatus
984 1708 1167 1763 Etiam
1196 1707 1435 1783 cognitio
1463 1704 1582 1761 falsi
1601 1707 1910 1761 testamenti

206 1819 425 1883 recepta
453 1818 559 1876 est,
600 1807 654 1862 in
700 1827 810 1883 quo
839 1819 894 1862 et
927 1807 1042 1883 ipse
1071 1806 1393 1883 signaverat.
1429 1808 1711 1861 Postremo
1746 1786 1909 1860 etiam

207 1907 514 1981 sestertium
552 1907 790 1984 octogies
818 1927 920 1983 pro
950 1906 1176 1961 introitu
1206 1905 1336 1961 novi
1369 1903 1661 1960 sacerdotii
1693 1917 1914 1980 coactus

207 2005 550 2083 impendere,
589 2005 657 2061 ad
698 2026 787 2062 eas
823 2006 903 2062 rei
932 2004 1214 2062 familiaris
1247 2005 1528 2082 angustias
1554 2004 1787 2076 decidit,
1821 2017 1914 2076 ut,

206 2126 377 2181 quum
426 2104 724 2182 obligatam
771 2106 963 2161 aerario
1006 2104 1170 2162 fidem
1211 2103 1443 2161 liberare
1483 2125 1594 2160 non
1627 2117 1834 2182 posset,
1859 2106 1915 2160 in

208 2225 447 2261 vacuum
478 2203 598 2283 lege
625 2204 974 2283 praediatoria
1013 2204 1218 2262 venalis
1260 2203 1581 2282 pependerit
1610 2205 1711 2261 sub
1738 2203 1915 2261 edicto

206 2303 602 2380 praefectorum.

286 2407 357 2461 X.
401 2407 505 2462 Per
542 2405 657 2462 haec
707 2426 770 2462 ac
805 2404 935 2462 talia
969 2407 1203 2462 maxima
1233 2406 1404 2462 aetatis
1433 2417 1588 2483 parte
1612 2417 1914 2478 transacta,

205 2504 654 2583 quinquagesimo
679 2525 824 2561 anno
849 2506 1137 2582 imperium
1168 2508 1337 2583 cepit,
1366 2506 1718 2583 quantumvis
1749 2506 1915 2561 mira-

208 2602 306 2660 bili
339 2625 483 2661 casu.
515 2603 782 2662 Exclusus
818 2605 959 2662 inter
984 2617 1190 2662 ceteros
1220 2607 1288 2662 ab
1322 2605 1732 2664 insidiatoribus
1765 2606 1914 2677 Caii,

209 2723 406 2780 quum,
450 2705 605 2780 quasi
651 2716 917 2760 secretum
941 2725 1006 2762 eo
1030 2703 1391 2779 desiderante,
1414 2705 1633 2761 turbam
1673 2725 1914 2760 summo-

207 2813 424 2875 verent,
455 2803 511 2858 in
538 2802 749 2859 diaetam
766 2846 782 2874 ,
806 2805 894 2859 cui
913 2824 1112 2860 nomen
1138 2817 1218 2860 est
1239 2808 1546 2861 Hermaeum
1563 2846 1578 2874 ,
1604 2819 1911 2862 recesserat.

208 2905 402 2980 Neque
437 2901 611 2960 multo
651 2916 772 2981 post
810 2924 1027 2960 rumore
1071 2903 1233 2960 caedis
1277 2906 1594 2975 exterrituS,
1640 2908 1916 2983 prorepsit

208 3001 277 3058 ad
298 3002 555 3059 solarium
598 3004 907 3080 proximum
926 3047 941 3074 ,
979 3004 1228 3079 interque
1267 3015 1527 3080 praetenta
1557 3004 1764 3060 foribus
1795 3003 1915 3061 vela

207 3123 263 3159 se
304 3102 512 3159 abdidit
544 3123 557 3159 ε
590 3101 847 3159 latentem
889 3102 1195 3159 discurrens
1231 3103 1369 3159 forte
1416 3104 1693 3180 gregarius
1733 3103 1911 3174 mileS,

209 3202 593 3261 animadversis
609 3202 859 3280 pedibuS,
879 3223 909 3259 e
930 3202 1110 3260 studio
1128 3202 1456 3274 sciscitandi,
1478 3204 1729 3280 quisnam
1755 3216 1911 3274 esset,

209 3303 459 3379 agnovit,
486 3314 920 3379 extractumque,
952 3314 1006 3358 et
1038 3323 1148 3380 prae
1183 3315 1331 3359 metu
1355 3302 1423 3358 ad
1442 3322 1617 3379 genua
1643 3303 1750 3358 sibi
1765 3304 1905 3359 acci-
