2372 3918
441 223 527 267 166
1021 239 1026 244 ·
1205 220 1396 266 NOTAE

498 321 736 366 NursinoS.
766 317 1081 364 Nursinorum
1105 317 1337 379 oppidum
1360 325 1460 362 erat
1483 315 1545 361 ad
1566 314 1747 360 radices
1769 314 2024 375 Apennini.
2057 318 2167 363 Cel-

431 399 542 453 lan,
577 396 721 457 Geog.
743 406 868 452 ana,
897 412 962 455 11,
990 411 1043 457 9,
1065 412 1113 456 p.
1143 394 1251 453 780.

499 475 611 520 Cu.
651 474 785 519 XIII.
810 474 1010 520 Exutus.
1042 472 1305 528 Plutarch,
1331 471 1381 515 in
1409 472 1610 525 Ancon„
1645 485 1692 530 p.
1722 468 1818 531 925
1851 485 1862 514 t
1894 480 1956 534 Τῇ
1985 476 2055 534 μὲν
2090 475 2165 534 γὰρ

432 561 609 617 προτέρᾳ
628 559 742 617 μάχῃ
766 561 932 617 Καῖσαρ
946 560 1024 603 ὑπὸ
1047 559 1217 615 Βρούτου
1238 555 1349 599 κατὰ
1372 556 1516 613 κράτος
1535 554 1743 607 ἡττηθεὶς,
1766 550 1951 597 &erigam
1972 555 2019 596 τὸ
2047 570 2170 611 στρα-

428 631 630 690 τόπεδον,
660 635 731 681 καὶ
766 638 902 696 μικρὸν
933 637 1026 693 ἔφθη
1057 635 1146 684 τοὺς
1169 630 1392 682 διώκοντας
1420 632 1669 690 ὑπεκφυγών.

496 704 661 751 Misso.
696 705 820 763 Dio,
849 721 1013 762 XLVII,
1039 720 1087 765 p.
1119 704 1213 751 356
1240 719 1251 748 Ξ
1288 701 1326 752 H
1352 705 1402 752 δὲ
1435 705 1490 757 δὴ
1516 710 1669 766 κεφαλὴ
1707 709 1887 766 ἐπέμφθη
1927 706 1997 766 μὲν
2029 709 2065 757 ἐς
2095 709 2167 754 τὴν

428 780 590 848 Ρώμην·
611 795 780 849 χειμῶνι
812 785 862 832 δὲ
891 791 929 831 ὲν
969 794 1027 843 τῷ
1055 788 1137 831 ἀπὸ
1160 792 1231 830 τοῦ
1254 787 1474 846 Δυρραχίου
1498 782 1665 844 διάπλῳ
1692 790 1995 843 περιπεσοῦσα,
2030 787 2067 835 ἐς
2095 787 2167 832 τὴν

428 866 639 909 θάλασσαν
671 867 816 925 ἐρρίφη.

499 937 690 981 Patrem
702 934 922 996 etfilc'um.
938 936 1121 996 Nempe
1143 934 1362 995 Aquilios
1377 936 1566 993 Floros,
1583 943 1699 980 teste
1711 933 1854 979 Dion.
1866 948 2031 993 ,.1.1,p
2049 938 2169 988 444:

428 1020 481 1063 Oi
509 1017 560 1063 δὲ
577 1017 632 1069 ὃῆ
656 1026 829 1080 Φλῶροι,
860 1022 921 1063 ὅτι
942 1021 1009 1063 τὸν
1041 1021 1169 1078 ἕτερον
1197 1021 1263 1063 τὸν
1296 1020 1479 1076 λαχόντα.
1501 1022 1765 1069 κελὶῦσαντος
1792 1020 1915 1062 αὐτοῦ
1940 1023 2171 1076 σφαγῆναι,

429 1099 646 1158 ἀμφότεροι
669 1096 955 1157 διεφθάρησαν·
992 1097 1097 1147 ἦσαν
1130 1100 1199 1157 μὲν
1224 1098 1301 1158 γὰρ
1325 1100 1462 1157 πατήρ
1491 1116 1538 1142 τε
1560 1101 1628 1144 καὶ
1660 1100 1782 1151 παῖς,
1803 1115 1843 1141 κ.
1865 1114 1903 1139 τ.
1931 1105 1967 1141 λ.

495 1172 724 1215 AEmulus.
751 1169 1017 1227 Plutarch,
1045 1165 1273 1224 incoes„
1303 1185 1351 1230 p.
1387 1169 1480 1228 718
1506 1186 1517 1215 :
1552 1168 1608 1226 ὸς
1620 1174 1668 1225 ἦν
1693 1176 1871 1226 ζηλωτὴς
1899 1176 2103 1223 Κάτωνος-

497 1246 866 1308 Municipallbus
890 1247 1031 1308 agris.
1062 1246 1131 1292 Cf.
1157 1246 1362 1307 Appian.
1379 1282 1392 1305 ‚
1419 1263 1499 1305 1v,
1521 1263 1570 1307 p.
1609 1245 1719 1308 590.

495 1323 624 1368 Pelle·
656 1340 719 1369 se.
750 1324 981 1384 Appiam,
1013 1323 1152 1380 ibid„
1184 1340 1233 1384 p.
1260 1324 1355 1382 678
1395 1341 1406 1368 :
1435 1327 1603 1373 «Οὐδὲν
1634 1331 1706 1389 μὲν
1738 1327 1939 1378 ἀδικῆσαι
1971 1331 2173 1387 λέγοντες,

403 1394 646 1450 νῘϊάλιῶτοιι
677 1403 728 1450 δὲ
752 1407 860 1456 ὄντες
876 1407 1124 1451 ἀνίστασθαι
1150 1413 1223 1465 γῆς
1242 1424 1290 1450 τε
1313 1406 1385 1450 καὶ
1411 1408 1550 1457 ἑστίας
1574 1400 1638 1450 οἶοι
1659 1404 1918 1465 δορὺληπτοι.

493 1476 603 1521 Non
620 1492 711 1537 pro
730 1492 818 1538 spe
836 1477 1116 1522 meritorum.
1142 1476 1370 1538 Appiam,
1386 1477 1510 1522 ibid.
1535 1494 1551 1521 .·
1573 1485 1630 1527 oz
1646 1501 1693 1527 τε
1714 1483 1792 1542 γὰρ
1824 1489 2074 1542 στρατιῶται
2101 1482 2176 1532 τὰς

427 1561 562 1610 πόλεις
580 1562 714 1619 ᾔτουν,
739 1562 784 1605 αἳ
816 1563 952 1611 αὐτοῖς
981 1558 1219 1619 ἀριστίνδην
1244 1559 1350 1610 ἦσαν
1385 1563 1667 1620 ἐπειλεγμέναι
1696 1563 1773 1621 πρὸ
1804 1567 1875 1605 τοῦ
1898 1562 2089 1620 πολέμου.

496 1633 602 1677 Cn.
632 1633 769 1678 XIV.
796 1633 1010 1678 Gerebat.
1039 1633 1158 1679 Cum
1174 1635 1224 1678 P.
1253 1632 1454 1678 Servilio
1480 1631 1716 1691 Isaurico,
1735 1634 1792 1678 A.
1815 1634 1875 1679 U.
1900 1633 2009 1691 713.

497 1711 755 1755 Fraternoe.
781 1711 927 1755 Erant
950 1710 1049 1755 duo
1072 1709 1240 1756 fratres
1262 1709 1485 1768 Antonii,
1513 1725 1722 1770 quorum
1755 1710 1873 1756 alter
1889 1709 2064 1755 Lucius
2088 1724 2176 1770 ge·-

428 1787 564 1832 rebat
590 1786 884 1832 tribunatum
907 1788 1060 1848 plebis
1076 1822 1089 1844 ,
1106 1789 1223 1832 alter
1249 1803 1364 1832 vero
1389 1786 1530 1832 Caius
1554 1795 1823 1847 praeturam.
1848 1786 1974 1832 Vide
1995 1787 2143 1831 D101v.
2162 1820 2172 1840 ,

428 1879 544 1921 va,
563 1880 611 1924 p.
641 1871 752 1922 274.

501 1941 745 2002 Compulit.
780 1944 931 1999 Flor.,
957 1959 1030 1999 1v,
1070 1943 1096 1989 5
1135 1959 1146 1986 :
1182 1942 1348 1987 «Intra
1369 1942 1570 1987 Perusiae
1598 1956 1762 1987 muros
1793 1940 2005 2003 redegit,
2037 1957 2173 1986 com-

429 2019 648 2080 pulitque
675 2020 736 2064 ad
759 2029 969 2065 extrema
994 2012 1250 2064 deditionis
1277 2017 1406 2078 turpi
1426 2026 1473 2062 et
1501 2017 1617 2063 nihil
1643 2033 1745 2063 non
1772 2027 1968 2079 experta
1999 2018 2136 2064 fame.
2152 2039 2173 2060 ι

429 2096 629 2154 Lucan„
654 2112 700 2154 1,
729 2103 782 2150 41
818 2113 828 2140 ε

607 2231 680 2271 His
696 2234 838 2281 Caesar,
862 2231 1055 2272 Perusina
1075 2231 1198 2272 fames
1212 2231 1460 2285 Mutinaeque
1481 2231 1650 2272 labores.

430 2361 576 2420 Quod
612 2361 787 2406 factum
829 2371 897 2406 est
930 2364 987 2407 A.
1012 2364 1070 2408 U.
1110 2368 1226 2419 714,
1263 2363 1346 2408 Cn.
1377 2361 1591 2406 Domitio
1627 2362 1824 2407 Calvino
1861 2379 1901 2407 11
1929 2372 1975 2407 et
2007 2364 2173 2410 Asinio

429 2438 644 2485 Pollione
672 2455 787 2486 coss,

495 2520 553 2562 In
579 2517 925 2579 quatuordecim
950 2517 1202 2561 ordinibus.
1227 2517 1289 2560 Hi
1311 2516 1502 2563 ordines
1514 2516 1755 2577 equitibus
1778 2526 1912 2562 erant
1934 2517 2171 2580 assignati.

432 2594 555 2640 Vide
581 2596 727 2650 Caes„
754 2611 918 2656 supra,
948 2610 1119 2640 xxxix.

498 2672 725 2717 Excitari.
753 2671 960 2717 Excitari
983 2670 1032 2735 (i.
1059 2687 1098 2717 e.
1127 2669 1318 2734 expelli)
1349 2671 1613 2728 dicebatur,
1649 2672 1735 2732 qui
1766 2674 1874 2717 loco
1901 2672 1954 2716 in
1987 2673 2174 2717 theatro

435 2750 523 2795 sibi
543 2766 643 2795 non
668 2750 832 2795 debito
856 2766 1048 2811 surgere
1071 2750 1346 2809 jubebatur.
1371 2751 1511 2794 Mart.
1531 2784 1543 2806 ,
1567 2766 1621 2807 v,
1644 2756 1700 2804 14
1728 2766 1738 2793 :

611 2888 757 2928 Sedere
776 2887 905 2941 primo
918 2887 1056 2928 solitus
1069 2887 1112 2927 in
1127 2880 1253 2940 gradu
1269 2900 1439 2941 semper,

609 2960 725 2997 Tunc
747 2970 868 3010 quum
883 2955 1022 2998 liceret
1036 2969 1232 3011 occupare
1250 2956 1483 3005 Manneius‚

606 3026 672 3066 Bis
691 3026 905 3075 excitatus,
929 3035 1070 3080 terque
1089 3026 1288 3067 transtulit
1311 3034 1451 3066 castra.

501 3171 611 3213 Cn».
633 3170 741 3214 XV.
760 3170 842 3213 Ad
862 3184 1012 3213 aram.
1036 3168 1152 3214 Inde
1178 3169 1365 3225 Senem,
1390 3166 1450 3213 de
1474 3167 1615 3212 Clem.
1630 3200 1646 3222 ‚
1673 3183 1719 3225 1,
1746 3182 1773 3211 2
1802 3183 1812 3211 :
1842 3185 1862 3207 «
1886 3165 2048 3212 Fuerit
2066 3181 2177 3211 mo-

438 3246 626 3291 deratus
651 3255 697 3291 et
726 3247 940 3292 Clemens
973 3248 1242 3309 Augustus,
1267 3261 1438 3306 nempe
1458 3254 1567 3306 post
1590 3243 1835 3306 perusinas
1864 3259 1978 3289 aras.
2002 3266 2020 3285 »
