2372 3918
907 295 1211 341 TIBERIUS.
1836 308 1853 338 1
1866 289 1925 356 59

209 401 386 459 redire
417 414 678 474 conatus,
708 399 873 458 semel
911 399 1121 456 triremi
1153 418 1325 476 usque
1359 397 1430 454 ad
1462 399 1739 475 proximos
1769 399 1923 456 Nau·

209 502 437 559 machiae
456 503 646 560 hortos
673 500 964 558 subvectus
993 512 1107 570 est,
1133 498 1397 579 disposita
1413 498 1649 554 statione
1665 519 1762 575 per
1777 500 1926 575 ripas

206 603 450 674 Tiberis,
486 622 612 680 quae.
644 601 863 658 obviam
908 599 1240 677 prodeuntes
1283 610 1685 669 summoveret3
1727 599 1928 654 iterum

207 702 391 779 Appia
409 721 581 779 usque
599 699 670 757 ad
686 701 980 781 septimum
1003 697 1239 778 lapidem
1254 743 1270 773 ,
1300 698 1397 757 sed
1416 698 1719 777 prospectis
1736 698 1900 755 modo
1912 742 1928 768 ‚

208 822 306 858 nec
336 801 497 858 aditis
517 802 668 858 urbis
689 801 992 871 moenibus,
1022 800 1211 873 rediit3
1246 801 1452 878 primo,
1484 801 1784 871 incertum,
1819 819 1929 876 qua

206 901 274 958 de
289 921 476 975 causa3
494 913 714 980 postea,
732 913 950 958 ostento
966 901 1210 958 territus.
1230 904 1366 958 Erat
1397 901 1447 957 ei
1471 900 1529 956 in
1560 897 1929 956 oblectamen-

206 1002 274 1057 tis
299 1001 519 1080 serpens
536 1000 732 1072 dracO,
761 1022 926 1079 quem
957 1022 1023 1058 ex
1046 1000 1444 1058 consuetudine
1466 1021 1632 1056 manu
1664 1020 1761 1056 sua
1784 999 1931 1056 ciba-

205 1114 391 1174 turus,
420 1123 595 1179 quum
623 1115 978 1161 consumtum
1007 1123 1039 1159 a
1073 1102 1318 1159 formicis
1340 1102 1660 1172 invenisset,
1687 1100 1930 1158 monitus

203 1215 309 1276 est,
342 1215 406 1260 ut
434 1204 546 1260 vim
575 1203 950 1261 multitudinis
991 1216 1224 1261 caveret.
1251 1202 1489 1260 Rediens
1527 1222 1659 1279 ergo
1692 1220 1931 1279 propere

205 1304 597 1380 Campaniam,
630 1307 841 1362 Asturae
869 1304 926 1361 in
961 1303 1285 1383 languorem
1317 1303 1541 1360 incidit:
1566 1323 1678 1379 quo
1701 1300 1930 1379 paulum

207 1401 415 1460 levatus
447 1406 691 1462 Circeios
722 1405 1014 1483 pertendit.
1045 1409 1126 1463 Ac
1146 1425 1216 1462 ne
1248 1425 1416 1482 quam
1446 1404 1816 1481 suspicionem
1849 1404 1930 1457 in-

206 1503 477 1561 firmitatis
494 1505 651 1563 daret
665 1549 681 1579 ,
714 1507 1082 1563 castrensibus
1101 1504 1246 1562 ludis
1266 1526 1379 1562 non
1401 1516 1620 1561 tantum
1650 1503 1928 1575 interfuit,

206 1603 300 1660 sed
329 1606 494 1662 etiam
526 1607 753 1663 missum
788 1608 845 1662 in
877 1626 1101 1663 arenam
1130 1627 1324 1684 aprum
1348 1604 1543 1683 jaculis
1574 1604 1810 1681 desuper
1827 1625 1931 1682 ,pe-

207 1704 295 1759 tiit
314 1724 328 1760 ε
347 1706 640 1782 statimque
671 1705 842 1762 latere
871 1704 1164 1778 convuISO,
1197 1717 1276 1777 et,
1305 1716 1367 1761 ut
1399 1716 1744 1774 exaestuarat,
1777 1703 1930 1759 afssa-

207 1815 294 1859 tus
342 1825 506 1875 aura,
555 1806 611 1860 in
657 1807 966 1883 graviorem
1021 1804 1217 1861 recidit
1261 1805 1536 1861 morbum.
1587 1804 1929 1860 Sustentavit

204 1915 387 1960 tamen
424 1902 760 1982 aliquamdiu
783 1949 798 1977 ,
838 1904 1093 1982 quamvis
1131 1906 1411 1962 Misenum
1458 1925 1635 1981 usque
1675 1903 1931 1960 devectus

206 2003 342 2060 nihil
373 2025 439 2061 ex
473 2005 667 2062 ordine
701 2005 1028 2083 quotidiano
1063 2006 1545 2085 praetermitteret,
1579 2025 1650 2061 ne
1682 2003 1935 2061 convivia

138 2094 145 2102 ’
203 2104 427 2180 quidem
443 2126 507 2162 ac
523 2118 730 2164 ceteras
746 2106 1060 2185 voluptates
1076 2150 1092 2180 ,
1119 2107 1323 2185 partim
1341 2106 1793 2184 intemperantia,
1817 2094 1936 2182 parss

202 2205 303 2261 tim
321 2204 770 2263 dissimulatione.
790 2209 935 2266 Nam
955 2205 1265 2265 Chariclem
1284 2205 1587 2280 medicum,
1609 2205 1762 2283 quod
1785 2226 1935 2262 com-

201 2317 385 2361 meatu
407 2300 726 2380 abfuturuS,
743 2327 773 2364 e
789 2307 1043 2365 convivio
1061 2307 1347 2386 egrediens
1364 2350 1381 2381 ,
1403 2328 1630 2364 manum
1646 2308 1749 2363 sibi
1770 2327 1937 2364 oscu-

202 2404 351 2461 landi
386 2426 550 2463 causa
595 2407 1078 2485 apprehendisset,
1113 2408 1433 2464 existimans
1475 2419 1714 2464 tentatas
1755 2408 1824 2464 ab
1868 2428 1934 2464 eo

200 2525 394 2579 venaS,
427 2529 712 2566 remanere
742 2530 804 2566 ac
836 2509 1155 2565 recumbere
1183 2509 1437 2565 hortatus
1469 2520 1579 2579 est,
1613 2529 1935 2586 coenamque

203 2609 490 2683 protraxit.
527 2611 647 2667 Nec
680 2611 949 2667 abstinuit
985 2609 1420 2683 consuetudine,
1459 2611 1594 2687 quin
1629 2622 1761 2667 tunc
1793 2630 1935 2688 quo-

203 2728 311 2783 que
336 2708 543 2766 instans
567 2711 623 2766 in
655 2711 838 2767 medio
868 2710 1132 2785 triclinio,
1153 2711 1404 2768 adstante
1434 2710 1654 2785 lictore,
1692 2709 1939 2790 singulos

204 2806 385 2864 valere
417 2808 662 2866 dicentes
691 2809 1010 2888 appellaret.

284 2911 545 2966 LXXIII.
576 2911 834 2984 Interim,
863 2932 1039 2988 quum
1059 2912 1115 2967 in
1135 2912 1267 2968 actis
1292 2925 1514 2970 senatus
1535 2912 1779 2991 legisset,
1812 2936 1839 2964 «
1857 2910 1941 2967 di-

205 3009 400 3065 missos
428 3031 491 3067 ac
523 3031 590 3067 ne
615 3010 831 3067 auditos
861 3012 1083 3089 quidem
1110 3011 1377 3089 quosdam
1410 3033 1562 3085 reos,
1580 3037 1608 3067 ³)
1637 3012 1706 3069 de
1735 3012 1940 3089 quibus

208 3110 468 3182 strictim,
488 3122 542 3166 et
565 3110 704 3167 nihil
734 3111 912 3185 aliud,
948 3133 1115 3189 quam
1144 3113 1457 3168 nominatos
1482 3113 1552 3169 ab
1574 3112 1780 3184 indice,
1808 3113 1940 3170 scri·

209 3223 426 3287 pserat3
458 3232 560 3288 pro
593 3223 870 3268 contemto
903 3233 959 3269 se
987 3212 1238 3270 habitum
1263 3212 1527 3283 fremen5‚
1561 3226 1806 3291 repetere
1835 3215 1940 3270 Ca-

212 3329 372 3385 preas
403 3331 629 3388 quoquo
667 3312 833 3370 modo
873 3312 1194 3384 destinavit,
1231 3335 1343 3371 non
1380 3325 1584 3371 temere
1618 3314 1940 3391 quicquam,
