2372 3918
419 285 508 344 178
1078 287 1127 330 c.
1163 276 1452 331 sUEToNn

420 388 488 446 ad
523 409 579 446 se
609 388 802 446 deduci
842 389 1158 466 imperavit,
1200 390 1449 465 intraque
1485 407 1684 464 paucos
1717 386 1829 444 dies
1862 389 2115 466 repudia-

417 501 532 545 tam
564 488 786 545 biennio
813 499 936 566 post
965 486 1256 565 relegavit,
1276 488 1425 565 quod
1451 489 1703 565 repetisse
1731 508 1889 543 usum
1923 489 2118 565 prioris

420 589 602 645 mariti
640 602 884 664 tempore
925 587 1108 643 medio
1142 586 1442 644 videbatur.
1484 586 1587 645 Alii
1623 587 1874 660 tradunt,
1906 588 2118 644 adhibi-

420 702 539 745 tum
573 708 737 744 coenae
772 686 1037 763 nuptiali,
1070 685 1352 744 mandasse
1382 687 1450 744 ad
1486 690 1768 757 Pisonem,
1805 700 1996 744 contra
2031 709 2116 744 ac-

414 789 791 858 cumbentem,
818 812 846 841 <c
865 786 994 844 Noli
1021 807 1245 843 uxorem
1271 808 1447 843 meam
1473 809 1721 865 premere
1743 810 1756 844 z
1779 813 1806 841 >2
1830 789 2118 865 statimque

413 901 468 945 et
507 889 760 946 convivio
805 886 1093 943 abduxisse
1134 907 1291 957 eam,
1333 908 1395 943 ac
1434 888 1684 965 proximo
1731 888 1819 944 die
1860 887 2118 955 edixisse,

414 1007 838 1048 MATRIMONIUM
869 1007 974 1044 sim
1002 1007 1308 1044 REPERTUM
1341 1008 1609 1045 EXEMPLO
1637 993 1879 1045 Ronmm
1908 1009 1978 1044 ET
2001 990 2116 1044 An-

414 1109 600 1147 GUSTI.
630 1086 865 1145 Lolliam
894 1087 1178 1144 Paulinam
1196 1130 1210 1157 ,
1238 1088 1302 1144 C.
1337 1089 1600 1144 Memmio
1630 1087 1930 1160 consulari,
1962 1109 2117 1144 exer-

416 1190 556 1245 citus
601 1189 843 1266 regenti,
884 1200 1150 1265 nuptam,
1189 1187 1333 1244 facta
1370 1189 1646 1245 mentione
1689 1188 1822 1244 aviae
1863 1189 2013 1265 ejuS,
2060 1200 2119 1242 ut

416 1289 695 1365 quondam
726 1288 1133 1367 pulcherrimae,
1155 1290 1336 1346 subito
1358 1311 1422 1345 ex
1449 1291 1730 1366 provincia
1757 1290 2028 1360 evocavit,
2058 1309 2119 1343 ac

411 1388 733 1465 perductam
771 1409 802 1443 a
849 1390 1046 1445 marito
1087 1389 1373 1465 conjunxit
1421 1389 1557 1458 sibi,
1591 1388 1854 1464 brevique
1900 1388 2118 1443 missam

409 1487 574 1560 fecit,
614 1487 905 1543 interdicto
935 1489 1258 1565 cujusquam
1292 1488 1349 1543 in
1382 1500 1707 1565 perpetuum
1740 1488 1906 1544 coita.
1939 1489 2120 1543 Caeso-

411 1588 591 1660 niam,
627 1609 804 1664 neque
847 1589 983 1645 facie
1022 1588 1259 1665 insigni,
1303 1607 1479 1664 neque
1522 1599 1678 1643 aetate
1718 1587 1966 1664 integra,
2005 1608 2121 1642 ma-

410 1700 658 1765 tremque
693 1690 808 1766 jam
844 1709 908 1744 ex
947 1688 1054 1745 alio
1090 1689 1210 1745 viro
1248 1688 1418 1743 trium
1459 1685 1728 1754 filiarum,
1764 1686 1858 1743 sed
1893 1686 2121 1742 luxuriae

407 1809 470 1844 ac
500 1787 733 1844 lasciviae
765 1788 1019 1865 perditae,
1049 1800 1104 1846 et
1130 1787 1409 1844 ardentius
1436 1799 1490 1842 et
1517 1788 1856 1843 constantius
1885 1787 2117 1842 amavit:

408 1899 468 1942 ut
499 1908 639 1964 saepe
669 1887 954 1965 chlamyde
996 1886 1248 1964 peltaque
1280 1900 1335 1943 et
1366 1886 1514 1965 galea
1552 1899 1800 1944 ornatam
1821 1930 1836 1959 ‚
1871 1907 1933 1942 ac
1964 1887 2121 1963 juxta

407 1988 846 2064 adequitantem,
889 1987 1155 2044 militibus
1193 1987 1522 2060 ostenderit3
1564 1987 1750 2043 amicis
1789 2006 1922 2042 vero
1959 1988 2116 2042 etiam

407 2087 626 2143 nudam.
655 2089 835 2160 Quam
863 2089 1076 2143 enixam
1105 2090 1300 2158 uxorio
1331 2089 1553 2143 nomine
1581 2086 1838 2163 dignatus
1871 2098 1979 2156 est,
2007 2107 2119 2141 uno

405 2200 570 2263 atque
603 2188 797 2243 eodem
828 2188 916 2243 die
950 2188 1224 2265 professus
1244 2231 1258 2259 ,
1291 2201 1345 2243 et
1375 2189 1634 2243 maritum
1668 2207 1723 2242 se
1760 2186 1906 2262 ejuS,
1937 2197 1991 2241 et
2022 2206 2118 2262 pa-

406 2299 543 2342 trem
575 2286 798 2343 infantis
833 2308 898 2343 ex
928 2308 991 2343 ea
1021 2299 1174 2343 natae.
1204 2287 1476 2343 Infantem
1505 2298 1715 2359 autem,
1745 2284 1944 2343 Juliam
1967 2288 2118 2341 Dru-

404 2385 579 2442 sillam
630 2386 960 2464 appellatam
985 2430 999 2456 ,
1053 2408 1149 2464 per
1192 2388 1439 2443 omnium
1481 2387 1704 2460 dearum
1759 2383 1958 2461 templa
2010 2386 2117 2439 cir-

404 2486 741 2559 cumferens,
783 2488 1046 2543 Minervae
1079 2488 1289 2564 gremio
1327 2487 1621 2562 imposuit,
1662 2484 2023 2560 alendamque
2066 2497 2119 2539 et

403 2586 793 2644 instituendam
814 2585 1238 2642 commendavit.
1258 2586 1375 2642 Nec
1402 2583 1517 2640 ullo
1541 2584 1784 2640 firmiore
1810 2583 2010 2639 indicio
2034 2585 2116 2640 sui

402 2685 624 2739 seminis
655 2705 768 2740 esse
800 2684 1087 2755 credebat,
1124 2704 1290 2761 quam
1322 2684 1551 2740 feritatis
1580 2706 1592 2739 ε
1627 2705 1748 2760 quae
1785 2682 1864 2739 illi
1897 2704 2117 2760 quoque

402 2795 554 2840 tanta
577 2783 691 2860 jam
728 2796 860 2840 tunc
893 2797 1041 2856 erat,
1074 2797 1136 2839 ut
1165 2784 1372 2840 infestis
1408 2783 1592 2861 digitis
1619 2804 1715 2839 ora
1746 2796 1801 2839 et
1827 2782 2017 2839 oculos
2045 2784 2115 2838 si-

403 2882 519 2939 mul
553 2882 861 2940 ludentium
895 2884 1191 2940 infantium
1221 2884 1531 2940 incesseret.

477 2985 680 3040 XXVI.
715 2986 863 3039 Leve
892 3003 956 3039 ac
987 2983 1249 3061 frigidum
1278 2985 1350 3039 sit
1376 2983 1461 3039 his
1488 2983 1686 3039 addere
1703 3026 1719 3056 ,
1750 3003 1861 3059 quo
1887 2982 2113 3060 propin-

399 3103 536 3158 quos
577 3083 888 3160 amicosque
933 3095 1097 3159 pacto
1141 3084 1487 3154 tractaverit,
1527 3081 1920 3152 Ptolemaeum,
1968 3083 2112 3158 regis

400 3182 551 3238 Jubae
578 3182 752 3239 filium
768 3226 782 3255 ,
811 3183 1202 3239 consobrinum
1226 3202 1384 3237 suum
1410 3182 1548 3261 (erat
1572 3184 1719 3239 enim
1747 3194 1800 3238 et
1826 3183 1870 3236 is
1896 3184 1975 3237 M.
2001 3183 2114 3236 An-

402 3284 535 3338 tonii
563 3305 627 3339 ex
661 3283 852 3340 Selene
886 3283 997 3339 filia
1027 3280 1254 3360 nepos),
1288 3295 1343 3339 et
1373 3283 1428 3338 in
1460 3284 1649 3360 primis
1683 3283 1864 3358 ipsum
1893 3283 2110 3337 Macro-
