2372 3918
993 256 1295 303 TIBERIUS.
1510 266 1516 270 “
1903 275 1921 305 ι
1930 275 1957 306 2
1969 275 1985 305 ι

281 381 313 415 a
358 362 586 419 nutricis
622 362 818 435 ubere,
858 362 1093 448 iterum,
1137 381 1307 446 quum
1346 381 1378 415 a
1420 361 1541 415 sinu
1574 363 1761 416 matris
1800 365 1994 442 raptim

281 460 588 518 auferretur
622 462 691 519 ab
727 462 824 535 iis,
857 462 953 538 qui
990 481 1093 538 pro
1129 461 1447 516 necessitate
1480 462 1743 538 temporis
1773 461 1994 519 mulier-

280 561 428 620 culas
459 562 638 620 levare
665 583 831 619 onere
863 562 1162 619 tentabant.
1188 564 1293 619 Per
1313 560 1553 619 Siciliam
1576 582 1795 639 quoque
1822 575 1877 619 et
1900 584 1998 640 per

280 662 541 719 Achaiam
569 661 1008 735 circumductus,
1041 684 1105 719 ac
1127 662 1551 719 Lacedaemoniis
1579 660 1824 740 publice,
1847 663 1997 739 quod

278 763 334 818 in
359 762 529 819 tutela
548 761 908 848 Claudiorum
928 775 1111 837 erant,
1133 762 1492 830 demandatus
1507 806 1522 835 ‚
1544 762 1851 842 digrediens
1872 762 1999 817 inde

278 864 471 920 itinere
507 875 815 938 nocturno,
850 863 1140 922 discrimen
1172 865 1297 920 vitae
1330 863 1489 935 adiit,
1522 863 1743 920 flamma
1775 874 1999 940 repente

275 985 305 1019 e
338 962 487 1020 silvis
517 963 762 1041 undique
785 978 998 1038 exorta,
1028 965 1273 1043 adeoque
1301 985 1522 1022 omnem
1550 965 1871 1021 comitatum
1895 963 2000 1019 cir-

274 1063 591 1141 cumplexa,
622 1078 686 1122 ut
714 1067 881 1123 Liviae
911 1087 1037 1144 pars
1066 1053 1233 1123 vestis
1259 1077 1314 1121 et
1338 1063 1522 1143 capilli
1552 1065 1991 1121 amburerentur.

272 1166 541 1238 Munera,
579 1167 779 1243 quibus
818 1188 850 1223 a
887 1168 1183 1244 Pompeia,
1220 1170 1367 1225 Sext.
1405 1166 1654 1243 Pompeii
1692 1185 1908 1236 sorore,
1942 1164 1999 1219 in

275 1263 457 1320 Sicilia
479 1265 715 1323 donatus
735 1280 841 1340 est,
860 1265 1103 1345 chlamys
1134 1279 1188 1324 et
1217 1265 1411 1340 fibula,
1448 1267 1580 1323 item
1602 1264 1768 1321 bullae
1794 1271 1998 1336 aureae‚

275 1363 502 1439 durant,
547 1367 1025 1444 ostendunturque
1065 1366 1250 1424 adhuc
1294 1368 1456 1424 Baiis.
1482 1370 1629 1448 *Post
1670 1365 1909 1422 reditum
1944 1366 2001 1421 in

274 1465 482 1521 Urbem
513 1487 546 1522 a
574 1469 652 1523 M.
688 1466 871 1524 Gallio
900 1480 1153 1524 senatore
1184 1479 1510 1525 testamento
1549 1467 1841 1544 adoptatus
1859 1509 1875 1537 ,
1907 1466 2002 1522 he-

275 1565 504 1622 reditate
532 1567 708 1640 adita,
737 1588 866 1623 mox
888 1570 1110 1624 nomine
1142 1569 1441 1639 abstinuit3
1475 1568 1626 1646 quod
1658 1566 1874 1624 Gallius
1903 1566 2002 1624 ad-

274 1687 555 1723 versarum
592 1670 843 1745 Augusto
879 1670 1123 1745 partium
1157 1669 1352 1725 fuerat.
1391 1672 1607 1727 Novem
1642 1682 1801 1725 natus
1829 1690 2003 1725 annos

274 1766 593 1824 defunctum
625 1780 837 1844 patrem
871 1790 973 1846 pro
1007 1770 1224 1825 Rostris
1263 1768 1525 1826 laudavit.
1559 1769 1775 1826 Dehinc
1804 1769 2005 1848 pubes-

274 1888 398 1924 cens
439 1869 667 1925 Actiaco
711 1870 995 1948 triumpho
1038 1891 1265 1926 currum
1295 1870 1531 1948 Augusti
1565 1870 1857 1927 comitatus
1892 1882 2003 1942 est,

272 1970 604 2026 sinisteriore
635 1968 810 2027 funali
845 1992 1014 2049 equo,
1050 1993 1223 2049 quum
1253 1970 1551 2028 Marcellus
1581 1972 1826 2029 Octaviae
1860 1970 2006 2028 filius

273 2070 578 2135 dexteriore
610 2072 918 2129 veheretur.
950 2072 1212 2129 Praesedit
1241 2083 1294 2128 et
1317 2073 1554 2130 Actiacis
1586 2070 1763 2144 ludis,
1792 2084 1848 2128 et
1871 2075 2008 2129 Tro-

267 2173 411 2248 janis
443 2174 805 2246 circensibuS,
839 2173 1038 2230 ductor
1066 2186 1263 2230 turmae
1299 2194 1604 2251 puerorum
1637 2173 1930 2251 majorum.

348 2276 470 2330 VII.
501 2272 665 2332 Virili
707 2286 836 2352 toga
875 2286 1087 2347 sumta,
1126 2273 1550 2333 adolescentiam
1587 2295 1840 2346 omnem,
1876 2294 2008 2352 spa-

272 2376 519 2452 tiumque
550 2375 891 2452 insequentis
920 2376 1094 2432 aetatis
1126 2395 1300 2452 usque
1337 2374 1407 2431 ad
1439 2375 1781 2452 principatus
1817 2375 2006 2445 initia,

273 2455 380 2554 per*
404 2476 518 2534 haec
554 2474 668 2533 fere
702 2477 1006 2554 transegit:
1037 2478 1246 2532 Munus
1285 2474 1675 2554 gladiatorium
1709 2475 1767 2530 in
1797 2495 2008 2530 memo-

271 2576 409 2632 riam
433 2576 604 2653 patris
619 2620 635 2648 ,
659 2587 714 2633 et
734 2574 971 2634 alterum
1000 2578 1056 2633 in
1080 2577 1168 2633 avi
1194 2578 1396 2647 Drusi,
1428 2575 1603 2649 dedit,
1626 2576 1854 2632 diversis
1874 2587 2008 2631 tem-

274 2676 499 2753 poribus
540 2696 604 2734 ac
645 2675 780 2734 locis
812 2698 825 2732 :
860 2678 1103 2754 primum
1136 2678 1193 2733 in
1229 2680 1403 2750 For0‚
1437 2675 1744 2733 secundum
1780 2677 1838 2732 in
1873 2678 2005 2734 Am-

272 2777 617 2854 phitheatr03
641 2775 898 2835 rudiariis
915 2797 1137 2853 quoque
1157 2776 1486 2853 quibusdam
1507 2778 1796 2850 revocatiS,
1820 2769 2009 2833 aucto-

273 2889 520 2934 ramento
550 2888 845 2934 centenum
871 2874 1123 2932 millium.
1159 2874 1331 2932 Dedit
1360 2888 1416 2933 et
1443 2874 1632 2950 ludos,
1659 2876 1754 2934 sed
1778 2877 2006 2944 absens;

272 2990 470 3034 cuncta
511 2977 832 3055 magnifice,
883 2977 1130 3054 impensa
1177 2976 1368 3032 matris
1410 2996 1474 3033 ac
1508 2977 1705 3039 vitrici.
1747 2977 2006 3055 Agrippi·

273 3098 400 3134 nam
419 3120 433 3148 ,
457 3079 534 3134 M.
562 3077 806 3155 Agrippa
826 3076 1097 3155 genitam,
1122 3088 1341 3154 neptem
1368 3075 1573 3134 Caecilii
1594 3078 1763 3134 Attici
1787 3077 2005 3152 Equitis

273 3178 543 3248 Romani,
583 3177 651 3232 ad
697 3198 861 3253 quem
895 3188 1023 3232 sunt
1054 3177 1337 3234 Ciceronis
1374 3175 1644 3254 epistolae,
1678 3176 1836 3232 duxit
1871 3196 2003 3231 uxo-

275 3299 389 3334 rem
416 3300 427 3334 :
455 3277 776 3353 sublatoque
800 3298 862 3333 cx
893 3298 953 3334 ea
982 3275 1094 3333 filio
1121 3280 1328 3347 Druso,
1358 3297 1689 3353 quamquam
1715 3278 1850 3333 hene
1875 3297 2000 3332 con-
