2372 3918
813 223 1118 270 OCTAVIUS
1154 224 1491 271 AUGUSTUS.
1909 243 1926 273 ι
1936 228 1995 274 03

292 346 415 411 quaeh
442 325 551 382 sere
583 337 829 404 tempore
855 324 1035 382 balnei
1079 325 1461 383 meditabatur.
1492 330 1636 386 Nam
1677 331 1995 410 tragoediam

293 446 488 504 magno
522 427 728 503 impetu
754 445 975 483 exorsus
993 468 1009 497 ,
1040 446 1152 482 non
1180 425 1501 484 succedente
1534 427 1687 502 stilo,
1724 430 1994 490 abolevit:

291 525 765 601 quaerentibusque
807 524 1025 597 amicis,
1067 549 1094 579 <x
1114 526 1375 603 quidnam
1410 527 1549 605 Ajax
1593 541 1801 607 ageret,
1822 555 1850 584 n
1883 551 1997 589 res·

292 624 508 701 pondit,
537 625 796 701 «Ajacem
826 645 988 683 suum
1018 626 1073 681 in
1108 628 1393 706 spongiam
1421 627 1748 685 incubuisse.
1766 652 1794 682 n

368 725 677 782 LXXXVI.
724 726 912 783 Genus
958 724 1248 803 eloquendi
1291 738 1506 784 secutus
1552 739 1635 784 est
1679 725 1897 806 elegans
1943 743 1998 786 et

292 836 680 902 temperatum,
715 826 897 883 vitatis
930 827 1323 884 sententiarum
1354 827 1572 905 ineptiis
1603 840 1768 906 atque
1803 828 1995 885 incon·

289 926 574 997 cinnitate,
605 936 658 982 et
690 926 1146 1011 ostreconditorum
1181 928 1503 999 verborum,
1524 951 1552 981 n
1587 939 1649 984 ut
1684 928 1799 1004 ipse
1834 927 1995 998 dicit,

288 1049 314 1076 «
331 1023 613 1081 foetoribus
631 1046 643 1081 ε
661 1050 688 1079 ³)
713 1027 1152 1104 praecipuamque
1175 1047 1362 1084 curam
1386 1027 1564 1100 duxit,
1588 1047 1805 1085 sensum
1829 1028 1998 1084 animi

287 1144 452 1200 quam
490 1126 826 1201 apertissime
860 1129 1165 1205 exprimere
1199 1148 1212 1183 :
1245 1127 1395 1204 quod
1430 1148 1539 1205 quo
1572 1125 1784 1183 facilius
1818 1126 1999 1184 effice-

286 1236 394 1297 ret,
430 1236 526 1281 aut
563 1227 761 1283 necubi
798 1225 1059 1284 lectorem
1100 1226 1182 1284 vel
1224 1227 1530 1284 auditorem
1572 1226 1892 1283 obturbaret
1935 1247 1999 1283 ac

286 1338 623 1398 moraretur,
658 1348 835 1404 neque
875 1328 1286 1406 praepositiones
1328 1327 1510 1382 verbis
1551 1326 1783 1399 addere,
1822 1347 2000 1404 neque

287 1426 699 1501 conjunctiones
744 1428 939 1504 saepius
982 1428 1179 1484 iterare
1226 1425 1524 1498 dubitavit,
1572 1445 1692 1502 quae
1740 1425 1998 1482 detractae

287 1524 525 1582 afferunt
550 1524 753 1603 aliquid
782 1527 1149 1599 obscuritatiS,
1178 1526 1278 1582 etsi
1305 1525 1535 1603 gratiam
1570 1537 1788 1603 augent.
1826 1528 1998 1583 Caco·

287 1624 427 1680 zelos
467 1637 522 1681 et
566 1626 936 1701 antiquarios,
983 1638 1045 1681 ut
1088 1626 1302 1681 diverso
1343 1644 1539 1701 genere
1581 1625 1805 1681 vitiosos
1825 1669 1839 1695 ,
1870 1627 1998 1702 ,pari

285 1723 504 1780 fastidio
534 1725 762 1802 sprevit,
794 1725 1209 1802 exagitabatque
1240 1743 1639 1799 nonnunquam
1674 1745 1686 1779 :
1722 1725 1778 1779 in
1809 1725 1999 1800 primis

284 1826 635 1881 Maecenatem
670 1845 860 1896 suum,
894 1825 1050 1901 cujus
1080 1826 1454 1899 μυροβρεχεΐς,
1483 1835 1546 1879 ut
1575 1824 1679 1893 ait,
1709 1824 1998 1881 cincinnos

286 1944 678 2001 usquequaque
700 1926 1071 2002 persequitur,
1094 1936 1148 1981 et
1172 1923 1437 1981 imitando
1463 1944 1558 2000 per
1575 1924 1763 2000 jocum
1788 1923 1993 1980 irridet.

286 2024 391 2080 Sed
419 2045 519 2080 nec
550 2024 769 2081 Tiberio
798 2025 1003 2102 parcit,
1037 2037 1092 2080 et
1120 2023 1383 2081 exsoletas
1418 2022 1691 2080 interdum
1721 2035 1777 2079 et
1805 2043 1998 2080 recon-

288 2125 425 2180 ditas
450 2145 609 2181 voces
635 2126 946 2202 aucupanti.
971 2127 1051 2181 M.
1078 2123 1301 2201 quidem
1324 2124 1626 2182 Antonium
1655 2134 1716 2178 ut
1744 2124 1997 2180 insanum

288 2225 568 2302 increpat,
612 2225 766 2301 quasi
814 2245 877 2280 ea
925 2224 1288 2297 scribentem,
1333 2244 1453 2302 quae
1501 2223 1769 2280 mirentur
1815 2224 1999 2300 potius

286 2325 536 2382 homines
567 2345 732 2401 quam
765 2322 1085 2402 intelligant.
1118 2323 1331 2381 Deinde
1362 2322 1556 2380 ludens
1587 2321 1793 2381 malum
1827 2334 1884 2378 et
1919 2323 1999 2380 in·

288 2437 539 2482 constans
564 2425 620 2480 in
645 2422 895 2501 eligendo
917 2444 1111 2501 genere
1134 2423 1348 2481 dicendi
1369 2422 1649 2500 ingenium
1677 2422 1817 2498 ejuS,
1846 2421 2000 2479 addit

288 2524 404 2581 haec
435 2545 448 2581 :
480 2527 718 2601 «Tuque
752 2523 996 2595 dubitaS‚
1028 2523 1324 2581 Cimberne
1349 2523 1591 2592 AnniuS,
1623 2542 1693 2579 an
1726 2522 1999 2579 Veranius

288 2623 511 2681 Flaccus
549 2623 798 2681 imitandi
831 2623 940 2681 sint
977 2621 1113 2680 tibi?
1147 2623 1224 2678 ita
1262 2634 1326 2679 ut
1364 2621 1577 2694 verbiS,
1614 2641 1733 2698 quae
1772 2622 2000 2698 Crispus

290 2722 576 2780 Sallustius
615 2723 882 2799 excerpsit
924 2743 991 2778 ex
1028 2722 1350 2799 Originibus
1391 2721 1646 2793 CatoniS,
1687 2720 1891 2778 utaris?
1928 2741 1999 2778 an

294 2822 475 2900 potius
494 2821 858 2880 Asiaticorum
879 2832 1185 2890 oratorum,
1206 2820 1460 2881 inanibus
1482 2820 1786 2891 sententiis,
1806 2819 1999 2876 verbo·

293 2944 417 2979 rum
441 2920 750 2980 volubilitas
775 2922 832 2976 in
857 2932 1107 2977 nostrum
1132 2939 1437 2976 sermonem
1463 2917 1863 2977 transferenda?
1878 2941 1905 2970 »
1927 2921 1999 2975 Et

293 3022 528 3100 quadam
554 3019 781 3098 epistola
803 3020 1118 3098 Agrippinae
1145 3019 1321 3095 neptis
1348 3018 1628 3095 ingenium
1655 3015 1967 3075 collaudans
1983 3059 1999 3088 ,

295 3122 446 3179 «Sed
478 3142 616 3200 opus
652 3133 807 3194 est,»
842 3122 1050 3197 inquit,
1083 3118 1255 3176 «dare
1292 3131 1344 3176 te
1380 3137 1634 3196 operam,
1671 3135 1740 3173 ne
1778 3113 2002 3173 moleste

298 3223 497 3279 scribas
527 3234 622 3278 aut
650 3220 903 3297 loquaris.
928 3245 952 3270 »
