2372 3918
756 266 823 311 IN
860 264 1000 312 OCT.
1036 263 1400 311 AUGUSTUM.
1854 282 1945 324 207

286 360 474 407 Πιεηια.
501 362 618 419 Quae
641 376 735 407 vox
763 376 821 408 ex
845 359 1288 407 mathematicorum
1313 368 1414 406 arte
1438 359 1700 407 desumitur
1729 371 1775 408 et
1797 362 1950 426 signi-

213 436 322 483 ficat
353 440 596 484 stellarum
618 439 755 484 situm
787 448 833 484 et
855 438 999 499 quasi
1025 437 1137 482 coeli
1164 437 1598 499 configurationem.
1624 438 1789 485 Sidon.
1805 475 1819 499 ,
1850 442 1946 502 Ep.

210 529 331 572 vux,
360 529 387 560 2
424 530 437 560 :
461 534 481 556 α
505 517 639 574 Quos
667 513 742 580 (ut
767 516 918 562 verbo
940 514 1204 560 matheseos
1232 510 1362 577 utar)
1387 514 1699 560 clc‘mactercbs
1722 518 1841 563 es'set
1859 516 1950 563 ha·-

210 590 419 651 biturus‚
451 601 504 638 ut
528 602 643 653 pote
667 592 843 654 quibus
872 591 1082 637 themate
1113 589 1278 636 oblato
1303 590 1438 652 quasi
1468 590 1779 653 sanguinariae
1811 593 1950 655 geni-

211 676 325 715 turae
347 670 531 715 schema
562 669 844 730 paruisset.»

279 746 389 792 Cn.
416 747 562 796 XCV.
583 747 765 793 Sereno.
799 772 865 781 —
894 745 1119 792 Serenum
1141 744 1432 813 substantive
1455 743 1649 791 dictum.

279 823 497 870 Cir-culus.
522 825 641 870 Vell.
656 858 670 882 ,
693 840 758 882 11,
784 821 846 885 59
873 840 883 868 :
911 843 931 864 «ι
948 825 1111 882 Quum
1133 819 1334 869 intraret
1357 823 1564 881 Urbem,
1588 821 1700 868 solis
1723 822 1853 869 orbis
1868 840 1951 869 su-

207 917 296 962 per
320 910 463 963 caput
489 902 590 962 ejus
613 910 834 948 curvatus
859 899 1117 986 aequaliter,
1139 899 1565 962 rotundatusque'
1554 916 1603 946 m
1632 901 1842 947 colorem
1869 915 1951 947 ar-

208 993 313 1038 cus,
342 979 474 1025 velut
506 993 733 1025 coronam
769 977 887 1025 tanti
925 993 1040 1025 mox
1066 976 1159 1023 viri
1183 977 1328 1039 capiti
1357 977 1630 1063 imponens,
1671 986 1951 1039 conspectus

206 1062 290 1100 est.
330 1074 349 1096 υ

279 1132 598 1179 Ostendet-unt.
628 1131 831 1193 Appian.
850 1167 863 1190 ,
893 1133 952 1178 B.
983 1132 1030 1178 C.
1045 1165 1060 1188 ,
1086 1147 1135 1193 p.
1162 1131 1256 1180 586
1290 1147 1301 1176 2
1330 1136 1502 1195 Αἱρεθεὶς
1517 1133 1568 1180 δὲ
1598 1139 1716 1187 αὐτὸς
1732 1154 1801 1181 συν
1820 1134 1851 1194 ᾧ
1874 1139 1947 1196 πὲρ

209 1213 394 1260 ίὸοΰλετο
420 1215 579 1275 Κοΐντῳ
607 1212 775 1276 Πεδίῳ,’
798 1218 912 1260 πόλιν
940 1217 990 1266 ὡς
1022 1217 1178 1266 ὕπατος
1208 1216 1339 1274 ἐσῄει·
1374 1213 1444 1258 καὶ
1467 1216 1575 1268 ἔθυε,
1605 1211 1777 1259 δώδεκά
1814 1216 1849 1259 οἱ
1881 1232 1950 1274 γυ-

207 1299 295 1338 πῶν
319 1295 547 1352 φανέντων,
582 1295 718 1345 Ιὸσους
744 1293 844 1352 φασὶ
873 1291 943 1339 καὶ
974 1285 1153 1353 Pap-{slep
1183 1295 1256 1342 τὴν
1287 1294 1402 1337 πόλιν
1436 1293 1626 1336 οἶκίσοντι
1661 1294 1839 1350 ὀφθῆναι.
1878 1286 1948 1332 Cf.

207 1366 359 1412 Dion.
377 1399 391 1423 ,
425 1380 563 1431 xxxj,
585 1381 633 1426 p.
661 1366 772 1412 321.

273 1444 563 1490 Immolanti.
592 1444 673 1489 Est
697 1442 747 1488 in
766 1440 840 1488 his
862 1440 1022 1489 verbis
1040 1450 1201 1509 ὕστερον
1216 1451 1496 1509 πρότερον,ιιῑ
1519 1441 1661 1488 docet
1684 1442 1949 1488 Casaubon.

209 1517 268 1564 ad
299 1518 348 1565 h.
382 1519 440 1578 1.,
464 1535 614 1581 quum
637 1519 729 1565 hoc
755 1527 994 1566 ostentum
1016 1519 1188 1567 accidit
1204 1519 1468 1567 Octaviano
1493 1527 1601 1564 ante
1627 1519 1949 1574 consulatum,

209 1603 312 1641 test.
337 1594 509 1656 Dion.,
543 1596 625 1643 ub.
650 1612 755 1658 sup.

277 1674 509 1719 Jecinom.
549 1676 668 1732 Quae
702 1672 914 1720 vaticinii
949 1674 1119 1720 sedem·
1139 1690 1238 1721 esse
1273 1673 1630 1719 arbitrabantur
1663 1671 1951 1733 extiscipinae

206 1750 377 1811 periti,
397 1750 599 1799 docente
621 1752 840 1799 Philostr.
866 1754 1149 1814 Appollon.,
1171 1768 1299 1809 vat,
1325 1766 1384 1796 2.
1414 1770 1432 1792 «
1452 1758 1508 1800 Τὸ
1537 1754 1586 1800 δὲ
1607 1753 1720 1816 ἧπαρ
1747 1759 1784 1800 ἐν
1804 1752 1950 1814 ᾧφασὶ

207 1835 274 1876 τὸν
299 1840 371 1885 τῆς
396 1836 528 1879 αὐτῶν
558 1842 755 1895 μαντικῆς
783 1831 880 1879 ειναι
904 1832 1087 1894 τρίποδα
1112 1837 1147 1879 οἱ
1174 1833 1297 1879 δεινοὶ
1326 1841 1474 1879 ταῦτα.

273 1906 552 1953 Par-uerunt.
580 1908 639 1954 Η.
673 1922 712 1952 e.
745 1916 936 1969 reperta
965 1921 1048 1953 seu
1079 1907 1179 1953 visa
1211 1915 1346 1964 sunt,
1376 1914 1430 1952 ut
1463 1905 1513 1950 in
1537 1904 1670 1969 Virg.
1682 1939 1697 1963 ‚
1727 1905 1947 1960 AEnee'd„

205 1998 265 2041 x
303 1989 430 2042 174·

302 2165 307 2170 .
383 2127 461 2170 Cui
480 2128 678 2183 pecudum
697 2128 826 2174 flbrae.
853 2128 942 2171 coeli
961 2129 1026 2169 cui
1043 2127 1174 2169 sidera
1199 2136 1358 2182 parent,

384 2199 434 2238 Et
451 2196 594 2251 linguae
612 2197 819 2238 volucrum
838 2205 879 2239 et
901 2197 1063 2252 praesagi
1078 2196 1255 2238 fulminis
1272 2196 1395 2250 ignes.

210 2338 281 2382 De
299 2352 351 2383 re
374 2337 445 2383 Cf.
477 2337 618 2396 Plin.‚
644 2339 704 2383 H.
730 2338 817 2394 Ν.,
843 2354 924 2397 xx,
952 2337 1029 2396 37.

276 2415 384 2460 Cn».
421 2416 592 2461 XCVI.
629 2415 925 2462 Occtirrcssrset.
965 2415 1087 2473 Dio,
1130 2431 1269 2460 vau
1293 2449 1305 2471 ‚
1336 2430 1383 2474 P·
1425 2411 1514 2461 351
1552 2430 1563 2458 ἒ
1601 2414 1705 2479 Ᾰνὴρ
1739 2425 1951 2473 Θεσσαλὸς

211 2495 345 2550 ἱδοξέν
386 2500 421 2543 οἱ
450 2501 517 2543 τὸν
553 2500 750 2558 Καίσαρα
773 2502 839 2543 τὸν
863 2502 1051 2559 πρότερον
1085 2500 1362 2542 κεκελευκέναι
1388 2496 1511 2540 εἰπεῖν
1540 2504 1597 2557 τῷ
1625 2499 1809 2558 Καίσαρι
1832 2491 1947 2556 (scil.

208 2566 517 2633 Octaviano),
548 2576 609 2620 ὅτι
636 2594 683 2620 τε
708 2578 876 2634 εὐτυχὴς
898 2579 924 2624 ἡ
961 2576 1074 2635 μάχη
1101 2576 1315 2635 γενήσοιτό
1338 2575 1392 2627 οἱ,
1426 2572 1495 2616 καὶ
1519 2574 1584 2617 ἶνα
1614 2573 1803 2633 ἀναλάῧῃ
1827 2575 1866 2619 ri
1895 2573 1947 2620 ὧν

208 2647 516 2711 δικτατωριὺων
542 2654 661 2704 αὐτὸς
687 2654 824 2713 ἐφόρει.

278 2734 385 2780 Non
409 2728 589 2781 litante.
626 2734 733 2781 Scil.
772 2750 950 2781 numen
981 2750 1081 2780 non
1115 2734 1356 2796 placante,
1380 2741 1434 2779 ut
1465 2733 1615 2779 Graeci
1645 2731 1865 2780 dicebaut
1891 2734 1950 2779 de

209 2809 401 2857 Victima
421 2820 653 2877 καλλιερεῖν.

277 2888 467 2950 Auget-i.
499 2888 666 2935 Hostia
691 2888 845 2951 prirna
868 2904 969 2934 non
1002 2888 1199 2948 litante,
1230 2889 1448 2946 alteram,
1473 2888 1583 2934 dein
1619 2887 1804 2934 tertiam
1833 2890 1950 2948 plu-

211 2979 344 3011 resve
369 2964 685 3023 adhibebant,
718 2965 872 3013 donec
897 2966 1027 3012 bona
1057 2974 1166 3012 exta
1198 2964 1524 3027 reperirentur
1551 2982 1562 3011 ε
1594 2965 1659 3012 sic
1687 2964 1948 3011 hostiarum

210 3055 436 3088 numerus
459 3044 632 3104 augeri
654 3041 916 3089 dicebatur.

277 3118 441 3164 Piscis.
467 3118 581 3178 Dio,
598 3135 736 3179 xnx,
758 3135 806 3182 p.
836 3120 930 3183 395
958 3135 968 3165 ἕ
996 3118 1108 3185 ὁρῶν
1135 3123 1185 3170 δί
1213 3128 1258 3170 τὸ
1295 3127 1533 3185 στράτιυμα
1566 3128 1604 3169 ἐν
1628 3132 1679 3183 τῇ
1705 3127 1814 3184 νήσῳ
1832 3127 1949 3169 oinct·

212 3202 437 3269 λημμίνον,
461 3197 601 3254 δεινῶς
629 3206 795 3261 ἤχθετο·
831 3202 900 3248 καὶ
931 3205 974 3248 οὐ
1007 3204 1199 3263 πρότερον
1227 3204 1489 3262 licaoniae-not,
1518 3202 1607 3261 πρὶν
1643 3203 1748 3260 ἰχθύν
1781 3219 1874 3247 τινα
1902 3205 1947 3246 ἐκ

212 3283 281 3327 τῆς
301 3279 507 3329 θαλάσσης
530 3281 759 3339 αὐτόματον
779 3282 1050 3340 ἀναοορόντα,
1073 3283 1169 3341 πρὸς
1191 3282 1281 3331 τοὺς
1302 3277 1437 3331 πόδας
1463 3282 1586 3324 αὑτοῦ
1613 3282 1871 3338 προσπεσεῖν.
1888 3272 1946 3324 ἡκ
