2372 3918
891 261 1304 310 DOMITIANUS.
1912 264 1974 309 (ἢ

234 378 445 433 honore
466 372 753 452 dignatus,
781 388 923 446 saepe
945 367 1111 424 etiam
1139 366 1346 443 carpsit
1368 364 1608 443 obliquis
1634 368 1980 424 orationibus

234 491 287 535 et
319 476 530 534 edictis·

315 580 413 635 111.
446 579 601 633 Inter
633 572 787 630 initia
833 569 1211 648 principatuS,
1254 567 1508 647 quotidie
1557 582 1829 626 secretum
1875 570 1979 627 sibi

235 682 501 737 horarum
530 692 748 733 sumere
781 670 1016 742 solebat,
1045 691 1147 727 nec
1181 671 1482 750 quicquam
1518 668 1782 748 ampliuS,
1812 692 1979 748 quam

235 800 448 838 muscas
479 789 731 857 captare,
761 795 824 831 ac
854 772 982 830 stilo
1007 784 1287 852 praeacuto
1315 771 1594 851 configere
1621 771 1636 829 ἑ
1668 783 1731 829 ut
1755 772 1978 829 cuidam

236 880 623 959 interroganti,
648 903 675 931 (ε
700 888 911 934 essetne
933 876 1060 953 quis
1086 875 1237 931 intus
1267 895 1394 932 cum
1427 876 1667 944 Caesare,
1693 898 1719 926 »
1754 895 1865 930 non
1894 874 1986 930 ab·

235 982 400 1040 surde
437 1000 760 1058 responsum
801 979 872 1035 sit
921 999 954 1035 a
997 978 1167 1035 Vibio
1200 978 1399 1055 Crispo
1433 998 1446 1032 :
1486 1001 1514 1030 α
1543 997 1609 1033 ne
1645 997 1836 1033 musca
1865 977 1985 1053 qui-

235 1085 378 1140 dem.
403 1106 432 1136 >›
483 1080 699 1139 Deinde
733 1100 962 1137 uxorem
998 1079 1339 1151 Domitiam,
1381 1098 1447 1135 ex
1489 1098 1602 1156 qua
1645 1078 1702 1134 in
1740 1077 1985 1134 secundo

235 1205 335 1241 suo
366 1180 656 1240 consulatu
686 1181 865 1238 filium
896 1179 1131 1252 tulerat,
1167 1178 1453 1258 alteroque
1481 1200 1630 1236 anno
1670 1178 1986 1236 consaluta-

235 1296 392 1341 verat
410 1296 474 1341 ut
496 1286 800 1362 Augustam
815 1325 830 1355 ,
847 1281 1124 1354 eamdem,
1154 1282 1368 1339 Paridis
1385 1282 1671 1340 histrionis
1685 1303 1874 1338 amore
1893 1281 1988 1338 de-

234 1385 540 1464 perditam,
574 1383 913 1463 repudiavit3
947 1384 1203 1461 intraque
1233 1384 1400 1439 breve
1428 1395 1648 1461 tempus
1690 1383 1987 1462 impatiens

235 1485 481 1556 discidii,
506 1485 660 1563 quasi
702 1484 1042 1563 efflagitante
1083 1482 1290 1563 populo
1308 1529 1323 1556 ,
1349 1484 1588 1541 reduxit.
1632 1486 1793 1542 Circa
1819 1484 1989 1541 admi·

238 1588 620 1644 nistrationem
645 1598 829 1643 autem
853 1586 1071 1664 imperii
1089 1584 1427 1663 aliquamdiu
1455 1606 1513 1642 se
1539 1585 1755 1642 varium
1782 1586 1986 1664 praesti·

237 1690 335 1759 tit,
373 1689 724 1765 mixturaque
766 1685 1021 1764 aequabili
1051 1687 1312 1743 vitiorum
1343 1699 1509 1764 atque
1537 1688 1806 1743 virtutum
1844 1709 1856 1743 ε
1886 1687 1984 1743 do·

236 1809 340 1845 nec
373 1790 602 1845 virtutes
637 1807 860 1865 quoque
900 1789 957 1843 in
997 1787 1133 1843 vitia
1175 1786 1397 1844 deflexit
1432 1808 1444 1842 :
1479 1799 1752 1865 quantum
1797 1787 1987 1864 conje-

242 1901 393 1946 ctare
419 1887 573 1961 licet,
614 1908 782 1966 super
819 1887 1026 1965 ingenii
1053 1899 1337 1959 naturam,
1375 1888 1561 1966 inopia
1595 1908 1796 1967 rapax,
1837 1900 1987 1945 metu

239 2005 429 2049 s‘aevuS.

317 2096 414 2151 IV.
450 2091 778 2171 Spectacula
808 2092 1025 2149 assidue
1053 2093 1348 2172 magnifica
1378 2105 1433 2149 et
1462 2104 1750 2150 sumtuosa
1781 2092 1983 2165 edidit,

239 2214 352 2249 non
379 2194 437 2249 in
459 2193 893 2270 ‘Amphitheatro
911 2193 1106 2265 mod0,
1134 2215 1327 2252 verum
1348 2206 1403 2251 et
1426 2196 1483 2251 in
1502 2195 1667 2253 Circo
1691 2216 1706 2252 ε
1733 2195 1828 2251 ubi
1854 2216 1990 2274 prae-

238 2306 323 2350 ter
344 2292 635 2351 sollemnes
657 2294 914 2372 bigarum
938 2294 1451 2374 quadrigarumque
1476 2314 1701 2368 cursuS,
1727 2294 1984 2374 proelium

239 2397 406 2452 etiam
445 2394 684 2473 duplex,
729 2408 986 2473 equestre
1033 2415 1098 2453 ac
1142 2396 1428 2475 pedestre,
1470 2397 1748 2455 commisit
1782 2419 1795 2454 ε
1830 2408 1888 2454 at
1933 2397 1988 2452 iu

239 2496 662 2574 Amphitheatro
710 2494 905 2554 navale
947 2518 1187 2575 quoque.
1227 2498 1372 2555 Nam
1423 2499 1745 2555 venationes
1779 2497 1984 2576 gladia·

240 2611 525 2676 toresque‚
550 2610 602 2655 et
627 2598 883 2656 noctibus
909 2598 978 2654 ad
1000 2597 1341 2676 lychnuchos
1371 2620 1384 2656 ε
1413 2620 1516 2656 nec
1541 2599 1790 2656 virorum
1818 2599 1987 2656 modo

240 2721 483 2778 pugnas,
512 2699 604 2758 sed
630 2712 685 2757 et
709 2700 1059 2758 feminarum.
1093 2703 1365 2759 Praeterea
1395 2702 1707 2780 quaestoriis
1736 2704 1984 2760 muneri·

239 2799 368 2871 buS,
401 2822 524 2878 quae
553 2799 685 2858 olim
715 2803 916 2859 omissa
946 2815 1326 2874 revocaverat,
1354 2804 1429 2860 ita
1464 2824 1680 2882 semper
1711 2803 1989 2875 interfuit,

241 2912 300 2957 ut
330 2900 539 2979 populo
573 2914 901 2980 potestatem
936 2902 1137 2960 faceret
1172 2904 1303 2961 bina
1333 2906 1486 2982 paria
1513 2926 1544 2961 e
1578 2925 1680 2962 suo
1717 2903 1852 2961 ludo
1886 2926 1982 2983 po-

239 3000 512 3074 stulandi,
562 3024 736 3080 eaque
789 3006 1085 3061 novissima
1129 3003 1310 3062 aulico
1357 3018 1627 3084 apparatu
1679 3006 1984 3063 induceret.

240 3104 323 3159 Ac
370 3122 466 3180 per
508 3124 672 3160 omne
719 3103 1087 3182 gladiatorum
1122 3104 1502 3184 spectaculum
1549 3119 1679 3163 ante
1723 3106 1891 3185 pedes
1937 3108 1985 3161 ei

239 3204 418 3260 stabat
446 3202 707 3281 puerulus
733 3206 1083 3278 coccinatus,
1112 3228 1285 3285 parvo
1317 3219 1751 3286 portentosoque
1780 3208 1989 3286 capite,
2032 3268 2041 3280 ,

240 3323 368 3359 cum
393 3325 505 3381 quo
534 3304 836 3382 plurimum
867 3305 1235 3381 fabulabatur,
1262 3329 1668 3387 nonnunquam
1695 3310 1857 3366 serie.
1880 3313 1991 3367 Au-
