2372 3918
333 291 424 345 264
1000 293 1049 337 C.
1087 293 1375 339 SUETONII

332 414 519 450 verum
566 414 678 450 non
724 395 1075 452 abhorrentia
1120 417 1151 454 a
1196 417 1292 453 sua
1335 409 1553 464 natura,
1596 396 1837 454 creditur
1871 397 2032 454 desti-

330 513 519 549 nasse:
551 514 883 551 successores
915 515 1370 573 percussoresque
1399 496 1735 552 summittere
1766 499 2033 553 exercitus

329 604 383 648 et
408 595 717 671 provincias
752 595 1094 672 regentibuS,
1125 597 1280 672 quasi
1317 597 1667 673 conspiratis,
1701 595 1951 673 idemque
1979 609 2034 652 et

328 712 501 749 unum
515 694 871 750 sentientibus
888 714 901 750 z
921 694 1183 771 quicquid
1206 695 1406 773 ubique
1421 694 1686 767 exsulum,
1700 694 1961 772 quicquid
1975 697 2031 752 in

328 792 480 848 Urbe
510 792 798 849 hominum
821 792 1213 871 gallicanorum
1236 808 1404 866 esset,
1433 794 1811 852 contrucidare
1839 817 1852 852 ε
1875 795 1997 853 illos
2020 841 2033 867 ,

327 911 396 946 ne
419 891 861 949 desciscentibus
901 907 1352 972 aggregarentur3
1392 895 1524 966 hos,
1568 908 1631 951 ut
1655 896 1899 952 conscios
1936 917 2034 973 po-

329 989 604 1065 pularium
646 1013 871 1049 suorum
918 1006 1083 1071 atque
1129 994 1367 1051 fautores
1410 1016 1424 1050 ε
1459 994 1668 1051 Gallias
1711 996 2035 1052 exercitibus

326 1089 659 1167 diripiendas
687 1094 1006 1170 permittere
1038 1115 1051 1150 ε
1076 1106 1326 1150 senatum
1360 1095 1674 1151 universum
1700 1116 1911 1152 veneno
1936 1118 2035 1173 per

325 1190 578 1247 convivia
615 1212 810 1248 necare
844 1214 858 1248 ε
895 1193 1105 1249 Urbem
1142 1193 1466 1266 incendere,
1506 1195 1630 1250 seris
1670 1196 1727 1250 in
1769 1194 2034 1273 populum

326 1290 609 1364 immissiS,
646 1312 757 1368 quo
791 1292 1066 1350 difficilius
1097 1293 1494 1350 defenderetur.
1537 1293 1644 1349 Sed
1676 1295 1997 1352 absterritus
2019 1340 2034 1366 ,

325 1408 438 1444 non
461 1395 575 1445 tam
602 1392 950 1466 poenitentia,
974 1412 1138 1468 quam
1155 1392 1474 1469 perficiendi
1497 1392 1896 1470 desperatione,
1921 1417 2034 1451 cre-

324 1487 566 1566 densque
597 1490 1002 1568 expeditionem
1032 1494 1421 1562 necessariam‚
1452 1491 1701 1550 consules
1733 1506 1858 1550 ante
1896 1506 2032 1552 tem-

327 1609 428 1664 pus
448 1589 685 1666 privavit
703 1591 912 1647 honore
928 1635 944 1661 ,
967 1603 1134 1668 atque
1153 1593 1211 1647 in
1238 1593 1525 1669 utriusque
1544 1591 1727 1649 locum
1748 1592 1894 1651 solus
1914 1595 2037 1650 iniit

327 1686 674 1745 consulatum
690 1733 705 1759 ‚
734 1692 889 1767 quasi
918 1689 1080 1747 fatale
1105 1703 1276 1762 esset,
1301 1712 1413 1758 non
1439 1712 1599 1769 posse
1629 1691 1834 1749 Gallias
1860 1693 2037 1750 debel-

328 1786 461 1861 lari,
487 1790 592 1845 nisi
617 1810 650 1845 a
677 1810 736 1845 se
764 1790 1008 1848 consule.
1035 1793 1112 1848 Ac
1139 1791 1399 1868 susceptis
1423 1790 1661 1848 fascibus
1677 1836 1692 1862 ,
1713 1813 1884 1869 quum
1911 1782 2035 1870 post

326 1886 514 1965 epulas
551 1887 790 1946 triclinio
831 1889 1242 1967 digrederetur,
1278 1892 1497 1947 innixus
1529 1891 1769 1948 humeris
1800 1891 2032 1949 familia-

327 1988 469 2044 rium
484 2032 500 2059 ,
534 1988 825 2045 affirmavit
838 2033 853 2062 ,
886 2014 915 2042 <c
933 1988 1095 2046 simul
1123 2010 1187 2046 ac
1205 1991 1443 2067 primum
1461 1991 1801 2067 provinciam
1822 1993 2032 2070 attigis-

326 2100 436 2159 set,
459 2089 722 2145 inermem
757 2110 812 2145 se
849 2091 903 2144 in
926 2101 1277 2168 conspectum
1306 2090 1642 2146 exercituum
1669 2090 2034 2166 proditurum,

326 2207 425 2244 nec
470 2189 763 2265 quicquam
818 2188 967 2245 aliud
1016 2210 1180 2265 quam
1223 2189 1503 2259 fleturum;
1557 2191 1929 2267 revocatisque
1963 2191 2032 2247 ad

325 2288 703 2365 poenitentiam
720 2288 1084 2345 defectoribus
1099 2332 1115 2362 ,
1139 2289 1387 2366 sequenti
1407 2288 1494 2345 die
1514 2288 1698 2345 laetum
1722 2290 1865 2346 inter
1883 2290 2032 2347 laetos

323 2399 674 2444 cantaturum
705 2389 967 2466 epinicia,
996 2409 1116 2465 quae
1144 2389 1258 2466 jam
1283 2408 1431 2445 nunc
1459 2389 1562 2444 sibi
1591 2390 1847 2465 componi
1870 2410 2034 2468 opor·

322 2498 514 2543 teret.»

394 2580 599 2645 XLIV.
654 2591 721 2643 In
764 2588 1122 2665 praeparanda
1168 2587 1514 2665 expeditione
1564 2591 1794 2666 primam
1846 2611 2032 2649 curam

325 2685 517 2742 habuit
536 2685 811 2764 deligendi
830 2687 1078 2744 vehicula
1098 2688 1383 2765 portandis
1403 2690 1624 2746 scenicis
1645 2692 1881 2768 organiS,
1903 2713 2030 2748 con-

324 2785 690 2863 cubinasque,
725 2807 859 2863 quas
891 2807 1074 2844 secum
1107 2787 1391 2861 educeret,
1424 2789 1687 2845 tondendi
1713 2790 1784 2846 ad
1818 2790 2029 2847 virilem

238 2917 241 2920 -
273 2920 277 2929 »-
325 2884 582 2956 modum,
632 2898 685 2941 et
720 2887 997 2943 securibus
1039 2886 1307 2965 peltisque
1351 2889 1677 2946 amazonicis
1710 2890 2027 2947 instruendi.

321 2986 458 3041 Mox
500 2985 674 3041 tribus
724 2985 960 3042 urbanas
1002 2985 1073 3042 ad
1119 2999 1517 3044 sacramentum
1545 2989 1755 3060 citavit;
1770 3020 1772 3024 ·
1787 2988 1850 3046 ac
1874 2989 2027 3057 nullo

322 3083 520 3140 idoneo
538 3084 922 3163 respondente,
940 3097 1147 3142 certum
1173 3086 1410 3143 dominis
1427 3108 1710 3145 servorum
1734 3109 2023 3146 numerum

322 3184 544 3257 indixit3
569 3205 698 3257 nec,
722 3186 908 3243 nisiex
931 3197 1046 3242 tota
1075 3185 1340 3263 cujusque
1365 3186 1566 3244 familia
1591 3189 1998 3266 probatissimos
2013 3235 2028 3263 ,

326 3302 394 3337 ne
422 3283 886 3359 dispensatoribus
918 3284 1139 3361 quidem
1177 3298 1273 3342 aut
1297 3287 1722 3344 ¹amanuensibus
1760 3291 2027 3366 exceptis,
