2372 3918
1065 308 1847 329 Mtffl
1853 308 2008 328 m

764 534 1182 608 LUCANI
1238 532 1508 603 VITA.

1031 786 1253 801 σιν-*-

279 955 411 1059 Μ.
438 1005 688 1060 ANNAEUS
712 1003 1014 1071 LUCANUS,
1044 998 1448 1072 Cordubensis,
1478 999 1656 1077 prima
1685 1000 1894 1078 ingenii
1919 1021 2010 1058 ex-

271 1104 578 1182 perimenta
599 1102 656 1157 in
684 1102 920 1158 Neronis
943 1100 1198 1157 laudibus
1225 1100 1375 1157 dedit
1401 1100 1807 1178 quinquennali
1835 1115 2010 1159 certa·

269 1204 432 1259 mine.
477 1203 622 1259 Dein
667 1200 826 1258 civile
878 1200 1113 1271 bellum,
1155 1200 1307 1279 quod
1337 1222 1369 1257 a
1403 1202 1668 1279 Pompeio
1701 1214 1757 1258 et
1789 1205 2006 1261 Caesare

269 1317 485 1383 gestum
516 1316 629 1377 est,
658 1305 928 1361 recitavit.
960 1304 1075 1375 Qui
1102 1316 1268 1359 tantae
1305 1302 1541 1360 levitatis
1570 1315 1625 1359 et
1659 1316 1771 1360 tam
1808 1306 2006 1361 immo·

270 1405 470 1462 deratae
500 1403 701 1482 linguae
729 1391 858 1477 fuit,
893 1417 955 1459 ut
989 1405 1045 1459 in
1078 1402 1399 1482 praefatione
1434 1403 1672 1481 quadam
1706 1417 1922 1461 aetatem
1954 1418 2009 1461 et

275 1506 429 1561 initia
473 1525 571 1561 sua
615 1526 743 1561 cum
782 1502 1021 1583 Virgilio
1054 1525 1414 1581 comparans,
1461 1525 1626 1561 ausus
1669 1506 1738 1561 sit
1771 1506 1955 1562 dicere
1993 1528 2005 1562 :

273 1630 299 1658 «
317 1617 371 1662 et
404 1617 674 1681 quantum
702 1606 840 1662 mihi
870 1617 1038 1661 restat
1067 1604 1133 1661 ad
1162 1603 1447 1663 Culicem?
1465 1629 1491 1657 »
1518 1606 1648 1677 Hic,
1678 1607 1837 1663 initio
1869 1607 2001 1663 ado-

272 1704 564 1779 lescentiae‚
593 1727 763 1783 quum
788 1706 860 1762 ob
886 1705 1146 1762 infestum
1165 1707 1582 1762 matrimonium
1604 1719 1818 1784 patrem
1843 1729 2002 1766 suum

270 1808 387 1863 ruri
422 1828 585 1885 agere
627 1806 1213 1887 longelcognovissess
1248 1819 1538 1863 revocatus
1569 1808 1804 1865 Athenis
1835 1830 1867 1864 a
1899 1811 2009 1865 Ne-

268 1927 434 1980 rone,
470 1908 801 1985 cohortique
835 1909 1137 1964 amicorum
1173 1907 1425 1980 additus,
1463 1920 1629 1985 atque
1661 1909 1827 1966 etiam
1858 1930 2008 1987 quae-

269 2023 423 2066 stura
457 2010 763 2073 honoratus
782 2051 796 2080 ,
828 2030 942 2064 non
976 2021 1160 2065 tamen
1196 2008 1499 2088 permansit
1523 2010 1581 2064 in
1608 2011 1803 2086 gratia.
1831 2010 2010 2087 Siqui-

269 2110 391 2167 dem
423 2131 568 2189 aegre
604 2110 784 2166 ferens
803 2154 817 2182 ‚
848 2111 1114 2166 recitante
1147 2131 1234 2182 se,
1264 2110 1481 2184 subito,
1512 2132 1575 2167 ac
1605 2109 1758 2167 nulla
1791 2113 1896 2168 nisi
1921 2133 2008 2168 re-

269 2211 569 2290 frigerandi
615 2212 698 2268 sui
744 2233 939 2284 causa,
988 2211 1198 2268 indicto
1243 2225 1468 2284 senatu,
1512 2214 1792 2270 Neronem
1829 2234 2005 2270 reces-

271 2314 431 2382 sisse3
476 2333 657 2390 neque
704 2312 887 2367 verbis
932 2311 1196 2368 adversus
1241 2313 1586 2390 principem,
1628 2334 1810 2390 neque
1851 2299 2008 2370 factis

269 2413 606 2469 exstantibus
650 2424 774 2490 post
812 2413 929 2469 haec
960 2414 1288 2490 temperavit
1325 2435 1338 2469 :
1372 2413 1511 2470 adeo
1543 2426 1602 2470 ut
1635 2413 1917 2490 quondam
1951 2416 2007 2470 in

272 2514 486 2570 latrinis
524 2512 783 2591 publicis,
813 2511 1046 2570 clariore
1070 2513 1308 2590 strepitu
1338 2515 1545 2570 ventris
1573 2515 1804 2587 emiSSO,
1830 2515 2006 2571 hemi-

269 2615 526 2672 stichium
550 2616 786 2673 Neronis
805 2635 1002 2692 magna
1025 2635 1410 2671 consessorum
1434 2615 1564 2693 fuga
1585 2616 1970 2693 pronunciarit
1994 2639 2005 2672 :

272 2740 298 2768 ι(
323 2716 439 2772 Sub
486 2717 644 2772 terris
680 2717 925 2784 tonuisse
968 2728 1143 2793 putes,
1173 2740 1201 2769 >2
1251 2715 1358 2773 Sed
1393 2728 1462 2772 et
1508 2716 1721 2773 famoso
1761 2718 2006 2773 carmine.

268 2837 440 2893 quum
474 2818 652 2894 ipsum
673 2859 687 2888 ,
718 2829 838 2872 tum
869 2817 1279 2894 potentissimos
1313 2816 1619 2873 amicorum
1641 2860 1656 2891 ‚
1689 2818 2005 2894 gravissime

269 2916 554 2994 proscidit.
587 2916 670 2974 Ad
697 2929 1003 2973 extremum
1031 2938 1187 2995 paene
1214 2917 1444 2995 signifer
1468 2919 1778 2975 Pisonianae
1809 2919 2005 2996 conju-

266 3018 499 3075 rationis
525 3018 729 3074 exstitit
755 3039 768 3073 :
796 3016 1003 3074 multus
1032 3018 1088 3073 in
1115 3015 1292 3095 gloria
1323 3017 1797 3094 tyrannicidarum
1822 3017 2004 3097 palam

267 3117 647 3195 praedicanda,
669 3139 731 3174 ac
754 3116 949 3197 plenus
974 3119 1284 3190 minarum3
1314 3140 1489 3196 usque
1514 3140 1581 3175 eo
1609 3120 2007 3197 intemperans,

267 3231 328 3275 ut
359 3220 587 3276 Caesaris
624 3232 789 3297 caput
819 3221 1073 3298 proximo
1110 3220 1309 3297 cuique
1345 3221 1593 3297 jactaret.
1629 3222 1872 3293 Verum,
1910 3220 2005 3276 de-

267 3332 408 3377 tecta
439 3320 857 3398 conjuratione,
888 3341 1238 3398 nequaquam
1267 3321 1435 3378 animi
1474 3322 1841 3378 constantiam
1870 3342 2003 3398 prae-

515 3443 573 3477 ιι.
1730 3423 1762 3477 8
