2372 3918
734 273 801 317 IN
837 271 978 317 ocr.
1012 270 1385 317 AUGUSTUM.
1837 272 1927 332 169

186 383 354 414 venem
365 404 380 428 ,
412 370 496 416 sed
535 369 834 416 Alexandriae
876 369 1012 429 cujus
1055 382 1255 430 regnum
1292 375 1565 428 speraverat
1610 367 1929 415 interemtum.

256 446 584 493 Caesan‘onem.
611 449 683 493 De
712 463 769 493 eo
791 446 841 492 in
877 446 994 492 Coes.
1010 480 1025 502 ‚
1054 461 1159 507 sup.
1189 461 1280 490 Lu.

256 524 459 570 Liberos.
483 525 591 572 scil.
633 526 932 586 Cleopatram
959 522 1104 570 filiam
1133 531 1180 569 et
1204 521 1328 568 filios
1343 557 1356 581 ,
1390 538 1598 584 quorum
1636 522 1737 569 duo
1772 524 1932 570 nomi-

187 609 364 646 nantur
400 601 450 646 in
491 602 594 648 Liv.
625 603 754 663 Epic.
767 635 783 657 ,
837 615 1029 659 cxxxn,
1072 600 1345 647 Alexander
1387 609 1434 646 et
1473 598 1822 660 Philadelphus.
1860 600 1930 646 Cf.

187 678 499 737 Rauen-n,
523 678 574 724 in
595 680 640 725 h.
667 680 699 725 l.
1428 682 1436 686 ’

254 756 366 802 cip.
392 757 575 808 XVIII.
605 753 956 817 Com-ultusque.
991 756 1049 801 H.
1076 772 1116 802 e.
1142 756 1488 818 interrogatus,
1519 762 1575 800 ut
1596 753 1747 813 Flor.,
1781 770 1827 814 1,
1861 769 1888 812 7
1917 769 1930 798 z

185 850 205 872 «
229 833 318 878 Per
338 832 532 880 nuntios
562 832 827 879 consulenti
851 832 971 894 quid
995 831 1100 879 fieri
1125 835 1280 880 vellet.
1308 854 1328 875 »

261 911 427 972 Opere.
453 912 608 958 Aurel.
642 911 790 969 Vict.,
815 927 859 969 1,
885 909 913 957 5
940 927 951 955 ε
975 931 996 952 «
1013 912 1201 958 Labore
1224 912 1427 958 militum
1450 909 1689 972 patefecit.
1705 929 1726 951 n

256 989 535 1050 Nicopolim·
562 988 680 1047 Dio,
703 1005 779 1047 1.1,
795 1004 844 1050 P·
873 989 967 1045 443
997 1006 1008 1034 :
1034 998 1155 1040 Πόλιν
1172 1014 1218 1040 τε
1232 993 1331 1040 τινὰι
1351 998 1389 1039 ἐν
1413 1002 1472 1054 τῷ
1499 990 1786 1053 στρατοπέδω
1801 995 1934 1053 τόπῳ,

186 1074 278 1123 τοὺς
301 1074 372 1133 μὲν
399 1074 655 1132 συναγείρας,
683 1075 775 1124 τοὺς
805 1070 846 1116 δ’
870 1075 1110 1125 ἀναστήσας
1138 1081 1217 1118 τῶν
1246 1074 1535 1132 πλησιοχώρων
1566 1073 1783 1131 συνῴκισε,
1813 1074 1938 1116 Νικό-

159 1202 165 1209 .
187 1157 301 1192 πολιν
336 1152 442 1210 αὐτῇ
466 1150 594 1208 ὄνομα.
619 1146 726 1200 ‹lotic-

243 1219 447 1281 -Spoliis.
471 1221 573 1266 Hac
607 1220 667 1266 de
696 1237 749 1267 re
777 1220 1067 1283 epigramma
1098 1220 1308 1281 Philippi
1340 1220 1502 1266 Floril.
1532 1218 1550 1284 ζ
1570 1221 1711 1267 ΑπιΙι.
1735 1221 1937 1276 Jacobs„

182 1295 277 1340 vol.
303 1311 371 1355 11,
398 1311 445 1357 p.
475 1295 589 1361 203)
626 1313 636 1343 t

389 1441 561 1510 ἑμὲολα
591 1454 893 1511 χαλκογένεια,
915 1439 1114 1509 φιλόπλὸοι
1141 1454 1284 1509 τείχεα
1311 1458 1413 1499 νηῶν
1431 1486 1441 1505 ,

383 1521 589 1572 Ᾱκτιοικοῦ
614 1531 792 1586 πολέμου
823 1530 992 1587 κείμεθα
1021 1531 1234 1587 μαρτύρια.

255 1681 367 1725 Cu.
397 1681 536 1725 XIX.
580 1681 821 1741 Tempore.
859 1681 1052 1738 Senec.,
1084 1681 1146 1725 de
1172 1679 1420 1734 clement„
1456 1695 1502 1737 1,
1534 1695 1566 1741 9
1605 1696 1615 1723 :
1649 1699 1667 1719 «
1705 1678 1940 1725 Salvidie-

186 1773 302 1802 num
335 1756 547 1817 Lepidus
582 1766 771 1803 secutus
797 1766 897 1815 est,
927 1757 1162 1818 Lepidum
1196 1759 1422 1814 Murena,
1461 1758 1714 1802 Murenam
1753 1757 1940 1818 Caepio,

188 1833 458 1895 Caepionem
482 1834 732 1897 Egnatius,
754 1845 810 1881 ut
833 1835 951 1881 alios
978 1845 1182 1893 taceam,
1207 1851 1331 1896 quos
1353 1843 1538 1880 tantum
1566 1850 1707 1881 ausos
1727 1834 1892 1895 pudet.
1917 1856 1939 1876 a·

255 1913 460 1971 Iuvenis.
488 1915 540 1958 A.
573 1914 633 1960 U.
664 1911 773 1971 725.
806 1913 958 1971 Vell.‚
986 1930 1056 1971 11,
1087 1912 1149 1959 88
1181 1930 1191 1957 :
1222 1912 1431 1974 «Lepidi
1471 1912 1574 1972 ejus
1605 1912 1691 1974 qui
1722 1911 1942 1958 triumvir

189 1989 343 2035 fuerat
364 1989 641 2050 reipublicae
665 1989 1009 2036 constituendae
1033 1988 1181 2048 filius,
1215 1990 1382 2047 Junia,
1406 1989 1541 2035 Bruti
1571 2005 1736 2035 sorore
1775 1999 1941 2048 natus,

188 2064 504 2113 interficiendi
529 2103 542 2125 ,
600 2068 737 2113 simul
790 2067 839 2113 in
893 2068 1082 2115 Urbem
1139 2067 1409 2114 revertisset
1433 2102 1446 2126 ,
1499 2067 1692 2115 Caesaris
1749 2067 1942 2113 consilia

191 2143 374 2190 inierat.
414 2165 434 2185 »ι

263 2224 514 2284 Caepionis:
545 2223 602 2269 A'.
638 2227 698 2271 U.
727 2226 836 2283 73²·
862 2226 1016 2283 Ve1l.‚
1046 2226 1136 2272 loc.
1163 2225 1240 2270 cit.
1276 2242 1287 2270 ε
1314 2227 1400 2271 «L.
1433 2228 1639 2270 Murena
1666 2222 1941 2288 (adoptatus

194 2319 221 2349 a
250 2305 303 2349 L.
338 2302 564 2348 Terentio
591 2299 826 2366 Varrone)
851 2311 898 2347 et
931 2302 983 2347 F.
1011 2302 1192 2362 Caepio,
1217 2303 1414 2349 diversis
1437 2302 1652 2348 moribus
1675 2301 1804 2367 (nam
1827 2306 1944 2348 Mu·-

192 2394 309 2427 rena
333 2378 433 2424 sine
474 2378 567 2424 hoc
597 2378 810 2424 facinore
847 2378 1010 2438 potuit
1032 2378 1186 2425 videri
1219 2380 1401 2438 bonus,
1433 2378 1592 2439 Caepio
1633 2388 1679 2424 et
1711 2380 1805 2426 hoc
1836 2389 1943 2436 ante

194 2454 468 2521 pessimus),
504 2472 657 2518 quum
691 2456 905 2502 iniissent
942 2456 1194 2502 occidendi
1240 2457 1431 2503 Caesaris
1472 2457 1697 2515 consilia,
1729 2458 1943 2518 oppressi

197 2535 479 2582 auctoritate
506 2534 723 2596 publica,
751 2534 885 2596 quod
907 2535 956 2579 vi
983 2535 1138 2581 facere
1162 2528 1440 2592 voluerant,
1462 2534 1570 2593 jure
1593 2534 1719 2594 passi
1741 2544 1864 2580 sunt.
1881 2556 1900 2576 u

263 2614 331 2658 M.
370 2613 561 2674 Egnati.
600 2611 829 2657 Triennio
867 2620 977 2673 post
1019 2613 1233 2657 Murenae
1269 2611 1601 2672 Caepionisque
1644 2611 1942 2670 conjuratio—

196 2706 318 2736 nem.
347 2692 467 2736 Vell.
485 2723 499 2748 ,
529 2689 615 2735 uhi
640 2705 743 2750 sup.
764 2725 777 2748 ,
801 2706 857 2751 91
903 2707 912 2734 :
950 2710 969 2730 «
990 2691 1159 2750 Neque
1181 2690 1334 2734 multo
1371 2698 1482 2750 post
1508 2689 1663 2734 Rufus
1694 2688 1945 2751 Egnatius,

196 2786 283 2830 per
319 2768 475 2814 omnia
507 2768 759 2831 gladiatori
785 2783 928 2829 quam
952 2767 1159 2813 senatori
1175 2767 1394 2828 propior,
1419 2767 1620 2812 collecto
1648 2766 1697 2810 in
1721 2766 1942 2811 aedilitate

197 2848 359 2893 favore
393 2846 564 2907 populi
569 2880 645 2892 .....
671 2846 935 2909 aggregatis
972 2845 1217 2892 simillimis
1247 2845 1339 2891 sibi
1356 2879 1369 2903 ,
1406 2844 1676 2891 interimere
1717 2846 1942 2890 Caesarem

194 2924 369 2970 statuit.
387 2944 405 2965 υ
988 2969 994 2976 ,

220 3009 222 3011 ’
269 3001 488 3062 Luciique
527 3002 685 3047 Pauli.
732 3002 907 3047 Paulus
946 3000 1149 3047 duxerat
1183 3000 1383 3059 Iuliam,
1420 3007 1613 3061 neptem
1652 2999 1851 3062 Augusti
1886 3015 1944 3046 ex

198 3078 411 3141 Agrippa
446 3087 492 3124 et
518 3078 659 3125 Julia.
684 3079 862 3125 Consul
893 3078 984 3124 fuit
1006 3081 1064 3125 A.
1090 3081 1149 3126 U.
1181 3078 1289 3137 754.

261 3157 361 3201 Rei.
405 3156 646 3202 Falsarum
682 3157 956 3203 tabularum
1003 3173 1113 3204 reus
1153 3156 1418 3212 dicebatur,
1457 3156 1561 3218 lege
1595 3154 1845 3211 Cornelia,
1885 3156 1946 3199 de

184 3232 340 3289 salsis
355 3268 371 3289 ‚
413 3233 498 3295 qui
538 3254 556 3275 «
584 3244 942 3293 testamentum,
969 3236 1046 3281 vel
1072 3234 1201 3281 aliud
1234 3234 1600 3280 instrumentum
1628 3233 1794 3278 falsum
1827 3232 1947 3278 scri-

192 3312 358 3370 pserit,
384 3311 667 3374 signaverit,
695 3312 990 3372 recitaverit,
1025 3314 1100 3359 vel
1124 3312 1403 3373 subjecerit,
1430 3313 1505 3357 vel
1529 3311 1716 3374 signum
1754 3310 1948 3356 adulte-
