2372 3918
399 278 424 306 2
433 279 454 319 7
464 278 491 304 o
1148 262 1335 308 NOTAE

466 357 620 419 Crispi
646 359 874 404 Passieni.
900 359 970 404 De
992 358 1083 403 hoc
1106 358 1306 415 Plin.‚H.
1333 359 1391 403 Ν.
1405 391 1420 413 ,
1446 373 1524 403 xvi
1540 393 1554 417 ,
1579 363 1639 414 44
1667 375 1678 403 :
1713 378 1736 400 κ
1754 359 1810 403 In
1832 359 1923 403 hoo
1953 360 2099 405 arbo·

395 451 492 479 rem
515 434 731 480 eximiam
752 444 885 481 aetate
914 443 1076 480 nostra
1106 433 1338 480 adamavit
1361 433 1601 480 Passienus
1628 434 1844 494 Crispus,
1869 434 1942 480 bis
1976 451 2096 480 con-

396 512 492 566 sul,
517 518 677 556 orator
700 527 712 555 ε
736 511 1001 573 Agrippinae
1034 510 1331 556 matrimonio
1348 545 1362 568 ‚
1387 520 1432 556 et
1465 512 1654 558 Nerone
1683 513 1900 574 privigno
1932 519 2096 573 postea

395 587 575 633 clarior.
605 607 624 628 »

391 683 397 690 ·
458 663 714 726 Refugisse.
741 666 810 712 Cf.
834 668 1024 723 Tam,
1047 669 1248 721 Annam,
1276 683 1349 724 xi,
1380 684 1449 712 ιι.

458 742 567 786 Cn.
592 744 695 787 VII.
719 742 981 787 Undecimo.
1001 742 1271 802 Adoptatus
1296 752 1362 788 est
1378 744 1427 788 C.
1453 745 1681 802 Antistio,
1706 748 1772 791 M.
1791 747 1938 792 Suilio
1957 763 2069 793 coss.
2084 783 2096 803 ,

392 831 496 861 ann.
524 817 633 861 803.
660 818 806 863 Tacit.
826 853 838 875 ,
862 820 1034 862 Annal.
1050 849 1064 872 ‚
1089 833 1191 873 ΧΠ,
1209 817 1284 864 25.
1310 820 1619 866 Scribendum
1643 822 1786 883 igitur
1808 824 2116 877 duodecimo,‘

391 900 443 935 ut
475 893 631 952 Lipsio
659 893 718 938 ad
743 895 790 939 h.
815 895 844 939 l.
869 894 1019 938 visum
1036 928 1049 951 ,
1075 896 1147 940 vel
1172 895 1310 940 etiam
1334 898 1467 942 tertio
1497 899 1676 943 decimo
1684 933 1699 954 ‚
1723 908 1777 944 ut
1806 899 2095 945 Oudendor-

389 968 471 1026 pio
502 969 562 1013 ad
585 971 742 1014 Nostr.
768 972 803 1014 F
806 970 1028 1015 acillimus
1058 987 1191 1016 error
1212 971 1260 1016 in
1283 973 1487 1018 numeris
1510 989 1585 1029 xx,
1607 976 1681 1019 vel
1707 991 1780 1021 ΧΠ
1799 1009 1811 1032 ,
1834 977 1908 1021 vel
1933 990 2050 1022 xm.

455 1046 680 1090 Fratrem.
706 1046 773 1089 Cf.
807 1049 999 1104 hcm,
1024 1049 1197 1091 Annal.
1214 1081 1229 1102 ,
1260 1064 1335 1092 xu
1353 1083 1365 1105 ‚
1399 1055 1473 1102 41.

455 1123 703 1166 Deductus.
727 1125 782 1167 A.
807 1124 866 1167 U.
893 1122 986 1168 805
1002 1158 1015 1180 ‚
1046 1138 1103 1168 ex
1129 1123 1310 1182 Tacito,
1334 1124 1443 1168 ibid.

454 1200 546 1243 Pro
559 1199 930 1244 Bononiensibus.
958 1199 1102 1244 Tacit.
1118 1234 1131 1257 ,
1155 1201 1184 1244 l.
1211 1215 1272 1256 c.‚
1299 1200 1357 1245 58
1386 1216 1397 1243 ε
1422 1201 1633 1246 «Eodem
1657 1202 1734 1262 (sc.
1762 1201 1967 1267 Nerone)
1985 1219 2095 1249 ora-

388 1285 491 1319 tore
515 1274 799 1332 Bononiensi
825 1275 1040 1333 coloniae,
1065 1275 1163 1338 igni
1193 1278 1367 1322 haustae
1397 1277 1701 1336 subventum,
1731 1278 1902 1324 centies
1927 1289 2094 1325 sester-

387 1349 440 1394 tii
471 1350 731 1410 largitione.
758 1370 777 1391 »

453 1428 546 1471 Pro
569 1428 763 1472 Rhodiis
791 1438 931 1488 atque
953 1430 1215 1474 Iliensibus.
1242 1429 1364 1475 Vide
1394 1431 1503 1475 ibid.

454 1504 552 1548 Nec
578 1506 719 1548 multo
739 1515 860 1564 post.
887 1507 945 1548 A.
969 1507 1027 1550 U.
1054 1506 1163 1562 807,
1189 1521 1248 1550 ex
1270 1507 1416 1551 Tacit.
1432 1541 1444 1563 ,
1467 1507 1549 1551 ub.
1575 1523 1675 1567 sup.

452 1581 556 1625 Cn.
583 1582 709 1625 VIII.
739 1581 1095 1642 Septimamque.
1126 1610 1191 1616 —
1214 1585 1378 1628 Medio
1403 1585 1523 1639 diei,
1545 1584 1595 1628 in
1618 1584 1789 1640 Tacit.‚
1813 1585 1924 1629 ibid.
1937 1579 1953 1641 ,¹
1983 1587 2059 1647 69.

452 1657 644 1716 Raptim
668 1658 924 1717 appellatis
947 1659 1177 1703 militibus.
1203 1661 1261 1704 H.
1289 1676 1329 1704 e.
1352 1669 1461 1720 post
1483 1661 1673 1705 brevem
1704 1660 1764 1705 ad
1786 1660 1955 1706 milites
1980 1676 2095 1707 ora-

387 1733 576 1779 tionem.
1449 1736 1451 1739 ’

450 1812 557 1856 cip.
581 1813 668 1857 IX.
693 1813 935 1858 Laudavic.
969 1814 1224 1870 Quomodo
1253 1814 1498 1859 Claudium
1525 1814 1784 1859 laudaverit
1817 1817 1943 1861 Nero
1959 1852 1972 1874 ‚
1987 1832 2095 1860 nar-

384 1895 455 1931 rat
486 1887 631 1932 Tacit.
646 1923 659 1945 ‚
687 1880 857 1933 Annal.
870 1922 884 1944 ,
909 1906 1006 1934 xm
1023 1925 1035 1947 ,
1064 1890 1092 1935 3
1118 1907 1128 1933 ε
1156 1911 1174 1930 α
1194 1890 1282 1934 Die
1307 1890 1546 1935 funeris...
1576 1905 1860 1951 quamquam
1891 1892 2046 1936 oratio
2068 1908 2094 1934 a

385 1966 562 2010 Seneca
597 1966 855 2026 composita
876 1969 1074 2011 multum
1109 1968 1263 2011 cultus
1292 1960 1543 2026 praeferret.
1574 1987 1593 2007 »

448 2043 608 2086 Matri.
634 2042 780 2088 Tacit.
800 2077 813 2100 ‚
839 2043 947 2087 ibid.
964 2078 977 2101 ,
1006 2058 1032 2087 2
1060 2059 1072 2087 ε
1105 2045 1390 2103 «Propalam
1425 2043 1474 2087 in
1511 2059 1612 2088 eam
1641 2045 1846 2089 honores
1878 2046 2093 2089 cumula-

386 2120 575 2176 bantur,
610 2119 888 2180 signumque
925 2135 1057 2164 more
1087 2119 1259 2164 militiae
1295 2119 1475 2179 petenti
1510 2120 1704 2164 tribuno
1737 2120 1870 2164 dedit
1901 2123 2094 2181 optimoe

385 2196 559 2239 matr-325.
591 2196 780 2241 Decreti
805 2204 851 2240 et
870 2211 897 2241 a
924 2204 1084 2240 senatu
1119 2196 1217 2240 duo
1252 2196 1462 2251 lictores,
1486 2195 1761 2243 Flaminium
1790 2197 2043 2242 Claudiale.
2074 2219 2094 2237 »ι

387 2271 456 2315 Cf.
482 2273 709 2327 XIPHIL·‚
735 2288 839 2328 LXI,
868 2288 915 2331 Ι).
943 2273 1037 2333 690
1066 2290 1077 2316 ἓ
1111 2279 1194 2321 Καὶ
1224 2281 1269 2321 τὸ
1296 2280 1365 2336 μὲν
1401 2285 1611 2336 πρῶτον....
1636 2279 1705 2322 καὶ
1739 2277 1969 2322 ἔασιλεῠσιν
2007 2283 2094 2323 ἐπέ-

386 2362 557 2398 στελλεν.

453 2426 558 2470 Cap.
583 2428 645 2471 X.
669 2427 848 2473 Omisit.
882 2427 949 2471 Cf.
975 2429 1138 2472 Tam-r.
1155 2462 1168 2484 ,
1191 2429 1366 2471 Annal.
1380 2460 1396 2481 ,
1414 2443 1515 2472 x111
1532 2461 1547 2485 ,
1576 2443 1632 2473 10
1657 2436 1703 2474 et
1738 2445 1755 2472 1
1770 2445 1816 2484 13
1837 2436 1882 2473 et
1896 2428 2093 2484 Sumne„

384 2503 444 2546 de
470 2500 686 2546 Clement.
699 2535 716 2558 ,
743 2519 786 2560 1,
815 2519 832 2546 1
848 2520 885 2547 1.

456 2578 726 2639 Vectigalia.
753 2580 896 2624 Tacit.
911 2615 926 2637 ‚
949 2580 980 2625 l.
1005 2595 1042 2624 c.
1056 2615 1068 2637 ,
1105 2578 1165 2624 50
1194 2596 1205 2623 ε
1239 2600 1258 2619 «
1275 2580 1456 2625 Eodem
1478 2596 1601 2625 anno
1626 2578 1761 2643 (812)
1789 2579 1965 2625 crebris
1997 2595 2092 2639 po-

386 2654 487 2713 puli
510 2653 901 2715 flagitationibus,
932 2655 1276 2700 immodestiam
1307 2656 1670 2715 publicanorum
1699 2655 1960 2716 arguentis,
1996 2655 2092 2699 du-

384 2731 550 2776 bitavit
580 2734 704 2776 Nero
722 2767 736 2790 ,
764 2747 824 2776 an
847 2741 1015 2777 cuncta
1037 2732 1284 2792 vectigalia
1310 2732 1462 2776 omitti
1480 2725 1727 2790 juberet....
1764 2732 1844 2776 sed
1869 2732 2103 2791 impetum

386 2809 511 2867 ejus,
535 2809 731 2853 multum
751 2809 882 2869 prius
906 2810 1093 2854 laudata
1120 2809 1443 2870 magnitudine
1463 2808 1626 2866 animi,
1650 2808 1880 2854 attinuere
1903 2816 2095 2853 senato-

388 2902 458 2930 res
474 2918 486 2942 ,
512 2885 864 2931 dissolutionem
889 2887 1071 2946 imperii
1099 2886 1342 2943 docendo,
1367 2885 1405 2930 si
1434 2886 1613 2931 fructus
1636 2885 1808 2946 quibus
1829 2884 2094 2944 respublica

386 2962 704 3020 sustineretur,
728 2963 1123 3009 deminuerentur.
1138 2984 1156 3004 »

453 3038 631 3099 Cuique.
657 3038 740 3085 Uti
763 3040 953 3084 Valerio
985 3041 1215 3097 Messalae,
1243 3056 1300 3084 ex
1323 3041 1468 3106 Tacit.
1488 3074 1501 3097 ,
1525 3042 1698 3085 Annal.
1716 3073 1729 3094 ,
1764 3054 1891 3096 xux,
1923 3037 1998 3092 34.

452 3115 557 3159 Cap,
583 3116 670 3160 XI.
693 3117 949 3161 Iuvenales,
977 3119 1075 3162 Hos
1100 3116 1321 3173 instituit,
1345 3125 1445 3161 test.
1464 3115 1632 3172 Tacit.‚
1651 3116 1821 3159 Annal.
1836 3147 1850 3167 ,
1879 3129 1980 3169 xw,
2010 3114 2091 3170 15,
2132 3131 2136 3137 ·

387 3207 570 3236 causam
602 3192 740 3237 docet
777 3192 982 3252 Xiphil.,
1019 3208 1127 3250 Lxl,
1159 3209 1207 3252 p.
1232 3193 1327 3253 698
1363 3208 1374 3236 :
1405 3190 1547 3256 ἕτερον
1575 3194 1625 3241 αὗ
1655 3194 1754 3246 εἶδος
1782 3200 1911 3254 ἑορτῆς
1940 3200 2087 3254 ἤγαγεν

388 3276 597 3332 (ἐπεκλήθη
623 3273 670 3317 δὲ
697 3269 946 3329 Ῐουῧενοίλια,
969 3279 1103 3334 ὥσπερ
1128 3277 1219 3318 τινὰ
1247 3275 1610 3333 *temtamina-rot),
1634 3275 1701 3316 καὶ
1727 3276 1910 3319 ἐτελέσθη
1941 3272 2006 3314 ἐπὶ
2032 3278 2088 3328 τῷ
