2372 3918
398 323 485 369 186
1059 322 1106 364 C.
1141 319 1427 365 SUETONII

331 438 335 447 ¹
394 427 506 482 dies
531 426 725 502 sparsit
749 426 803 479 in
832 422 1059 501 plebem.
1086 423 1395 479 Fabricavit
1425 436 1477 479 et
1501 424 1716 480 deceres
1756 425 2049 487 liburnicas
2069 476 2084 503 ,

393 525 674 603 gemmatis
707 522 1015 601 puppibuS‚
1048 520 1462 579 versicoloribus
1501 522 1633 580 velis
1653 567 1669 596 ,
1705 545 1901 604 magua
1939 529 2086 585 ther-

394 645 604 681 marum
633 635 688 680 et
715 623 1026 700 porticuum
1050 633 1104 677 et
1128 619 1487 678 tricliniorum
1515 622 1762 697 laxitate,
1787 646 2089 705 magnaque

394 726 557 781 etiam
585 724 778 779 vitium
805 734 858 778 et
883 719 1269 798 pomiferarum
1292 722 1550 778 arborum
1572 725 1829 781 varietate
1852 747 1865 781 :
1892 728 2090 803 quibus

394 823 739 880 discumbens
777 820 843 876 de
882 819 969 875 die
1001 820 1151 881 ‚inter
1182 820 1376 877 choros
1412 842 1475 878 ac
1504 825 1887 901 symphoniaS,
1932 825 2090 884 litora

394 923 706 999 Campaniae
748 930 1080 998 peragraret.
1116 921 1182 974 In
1222 922 1679 979 exstructionibus
1712 927 2090 1001 praetoriorum

395 1035 557 1098 atque
584 1019 863 1091 villarum,
887 1020 1037 1074 omni
1067 1020 1279 1099 ratione
1304 1021 1639 1097 posthabita,
1663 1022 1800 1079 nihil
1829 1036 1937 1080 tam
1971 1026 2088 1082 effi-

394 1142 514 1178 cere
544 1119 993 1197 concupiscebat,
1032 1139 1195 1194 quam
1233 1107 1381 1195 quod
1413 1140 1570 1197 posse
1609 1121 1746 1178 effici
1783 1138 2088 1202 negaretur.

399 1225 469 1278 Et
484 1221 641 1297 jactae
664 1221 847 1296 itaque
866 1217 1034 1275 moles
1055 1217 1248 1274 infesto
1271 1239 1334 1275 ae
1358 1219 1631 1295 profundo
1651 1223 1813 1294 mari,
1831 1235 1884 1279 et
1904 1226 2092 1282 excisae

400 1342 565 1398 rupes
582 1319 855 1376 durissimi
878 1317 1065 1390 silicis,
1082 1330 1136 1374 et
1151 1319 1329 1394 campi
1350 1319 1627 1375 montibus
1649 1340 1847 1398 aggere
1869 1326 2091 1400 aequati,

395 1432 451 1475 et
472 1417 812 1495 complanata
832 1417 1054 1472 fossuris
1079 1418 1346 1472 montium
1368 1418 1526 1493 juga,
1546 1419 1850 1475 incredibili
1871 1422 2090 1497 quidem

399 1517 708 1587 celeritate,
744 1537 914 1592 quum
948 1536 1110 1571 morae
1151 1512 1314 1591 eulpa
1355 1516 1533 1591 capite
1575 1515 1832 1573 lueretur.
1872 1522 1984 1592 Ae,
2028 1543 2095 1577 ne

403 1617 614 1696 singula
650 1637 993 1687 enumerem,
1023 1615 1309 1672 immensas
1336 1635 1465 1692 opes
1483 1659 1498 1685 ‚
1533 1628 1818 1694 totumque
1846 1618 1977 1675 illud
2004 1622 2095 1676 Ti-

403 1719 540 1774 berii
582 1718 804 1775 Caesaris
845 1716 1007 1771 vicies
1052 1736 1115 1771 ac
1155 1716 1350 1792 septies
1393 1714 1585 1772 millies
1629 1719 1935 1793 sestertium
1983 1741 2092 1775 non

399 1829 515 1874 toto
545 1828 789 1872 vertente
822 1836 967 1871 anno
998 1815 1278 1870 absumsit.

476 1918 791 1973 XXXVIII.
826 1915 1132 1971 Exhaustus
1162 1914 1328 1992 igitur
1359 1927 1521 1991 atque
1551 1936 1744 1993 egens,
1776 1917 1843 1972 ad
1877 1918 2094 1994 rapinas

401 2015 674 2072 convertit
700 2015 968 2086 animum,
991 2014 1142 2069 vario
1172 2026 1225 2069 et
1249 2015 1668 2090 exquisitissimo
1698 2015 2091 2073 calumniarum

398 2128 453 2171 et
483 2114 798 2170 auctionum
833 2125 885 2168 et
922 2111 1264 2190 vectigalium
1299 2134 1512 2190 genere.
1547 2116 1823 2191 Negabat,
1854 2115 1979 2191 jure
2016 2119 2095 2171 ci·-

399 2215 621 2270 vitatem
659 2233 940 2269 romanam
976 2232 1240 2288 usurpare
1285 2233 1409 2284 e08,
1449 2234 1686 2289 quorum
1722 2206 1952 2291 majores
1982 2216 2097 2271 sibi

401 2315 738 2392 posterisque
781 2333 898 2368 eam
936 2313 1349 2389 impetrassent,
1394 2313 1495 2368 nisi
1534 2312 1630 2368 filii
1665 2325 1842 2369 essent
1875 2335 1886 2368 z
1923 2335 2097 2390 neque

399 2416 544 2470 enim
597 2411 830 2489 intelligi
878 2412 1074 2468 debere
1112 2423 1364 2490 posteros
1413 2411 1553 2468 ultra
1607 2414 1753 2468 hunc
1802 2412 2031 2489 gradum
2083 2434 2093 2466 ε

402 2512 719 2590 prolataque
744 2513 1011 2568 Divorum
1044 2515 1075 2567 J
1081 2510 1173 2567 ulii
1205 2523 1259 2566 et
1291 2512 1524 2587 Augusti
1554 2510 1885 2587 diplomata,
1921 2524 1982 2567 ut
2010 2534 2098 2567 ve-

402 2626 519 2680 tera
550 2625 605 2668 et
635 2611 906 2682 obsoleta,
942 2609 1169 2666 delebat.
1207 2606 1486 2685 Arguebat
1522 2622 1576 2665 et
1608 2631 1890 2687 perperam
1925 2610 2098 2666 editos

406 2732 630 2775 censuS,
667 2710 866 2786 quibus
906 2722 1092 2787 postea
1135 2730 1461 2786 quacunque
1500 2709 1567 2765 de
1605 2731 1768 2766 causa
1803 2711 2094 2786 quicquam

403 2811 721 2866 incrementi
757 2811 1078 2866 accessisset.
1114 2812 1458 2865 Testamenta
1503 2809 1918 2887 primipilarium
1941 2854 1956 2879 ,
1999 2811 2092 2886 qui

404 2910 471 2965 ab
518 2909 675 2964 initio
715 2909 1055 2986 principatus
1099 2909 1307 2964 Tiberii
1352 2930 1528 2986 neque
1576 2909 1770 2981 illum,
1817 2930 1992 2985 neque
2040 2930 2096 2964 se

402 3008 655 3064 heredem
686 3007 1059 3084 reliquissent,
1090 3020 1150 3063 ut
1186 3009 1396 3085 ingrata
1433 3009 1682 3081 rescidit3
1721 3009 1848 3064 item
1887 3019 2094 3063 cetero-

404 3128 559 3179 rum,
586 3119 648 3162 ut
676 3108 827 3162 irrita
856 3118 908 3163 et
936 3128 1102 3178 vana,
1133 3127 1484 3183 quoscunque
1514 3109 1635 3184 quis
1668 3107 1872 3163 diceret
1899 3106 2094 3162 herede

402 3209 611 3263 Caesare
642 3207 778 3262 mori
812 3207 1122 3262 destinasse.
1157 3207 1286 3278 Quo
1325 3219 1471 3263 met-u
1510 3208 1741 3284 inject0,
1776 3226 1942 3281 quum
1979 3205 2090 3281 jam

403 3316 455 3358 et
483 3305 550 3360 ab
588 3306 784 3381 ignotis
823 3307 964 3360 inter
999 3303 1320 3375 familiares,
1358 3318 1407 3360 et
1443 3327 1472 3360 a
1505 3305 1818 3380 parentibus
1851 3304 1992 3359 inter
2030 3303 2095 3359 li-
