2372 3918
725 257 791 302 IN
830 256 969 303 OC'l'.
1006 256 1379 303 AUGUSTUM.
1833 274 1883 316 ¹7
1899 275 1915 304 ι

410 352 652 408 Medusque,
671 359 712 394 et
730 352 874 403 Indus,
898 359 938 394 te
959 349 1149 407 profugus
1167 351 1314 407 Scyth

409 423 593 464 Miratur.
614 454 625 465 .
646 454 657 464 .
681 454 691 463 .

244 556 578 602 Reddiderunt.
629 556 750 601 Vell.
769 589 783 613 ,
825 569 864 599 11
884 587 899 612 ,
934 568 991 615 91
1035 569 1047 598 :
1087 574 1107 595 «ι
1142 555 1271 600 Dum
1307 563 1507 615 pacatur
1555 554 1790 601 Occidens
1807 591 1820 614 ,
1860 558 1921 602 ab

177 632 376 679 Oriente
399 649 453 679 ac
478 648 589 695 rege
611 632 900 679 Parthorum
935 630 1069 693 signa
1105 647 1329 690 romana,
1354 648 1461 695 quae
1494 631 1662 677 Crasso
1692 648 1920 694 oppresso

177 711 388 771 Orodes,
424 727 531 773 quae
556 709 770 757 Antonio
803 709 945 771 pulso
981 706 1107 755 filius
1131 709 1233 770 eJus
1258 710 1481 756 Phraates
1520 718 1776 771 ceperant,
1813 714 1923 756 Au-

180 798 321 852 gusto
354 788 544 836 remissa
584 795 708 835 sunt.
736 808 756 829 n
785 789 858 834 De
884 786 1110 833 Armenia
1130 821 1144 846 ,
1179 786 1295 834 vide
1319 802 1443 849 quos
1483 786 1597 833 citat
1641 786 1702 832 ad
1746 787 1793 832 h.
1834 788 1925 834 loc.

177 867 444 929 Baumgart.

252 945 555 1007 Obsidesque.
581 942 785 990 Obsides
824 941 958 989 dedit
989 944 1214 990 Phraates
1243 941 1368 989 filios
1401 960 1526 990 suos.
1565 944 1690 991 Vide
1724 945 1897 990 Srnan.
1912 980 1925 1003 ,

176 1038 289 1080 xvi,
323 1038 372 1083 p.
406 1019 528 1080 5153
558 1021 741 1078 Van„
770 1019 853 1065 ub.
897 1013 1029 1081 sup.,
1062 1021 1154 1082 933
1192 1028 1240 1066 et
1273 1021 1470 1079 Taena,
1506 1024 1714 1077 AnnaL,
1755 1037 1799 1066 11
1823 1057 1837 1080 ,
1886 1039 1925 1067 1.

178 1100 289 1145 Haec
324 1097 548 1144 videntur
582 1096 823 1158 pertinere
858 1097 920 1143 ad
951 1097 1079 1143 illam
1117 1097 1242 1143 inter
1280 1098 1552 1144 Teridatem
1589 1107 1637 1144 et
1677 1099 1926 1145 Phraatem

178 1183 331 1221 ortam
355 1174 666 1233 discordiam,
704 1184 750 1221 et
782 1191 871 1236 per
899 1177 1171 1239 Augustum
1204 1175 1532 1237 compositam.
1577 1175 1703 1222 Vide
1745 1177 1898 1222 Dior«.
1915 1212 1927 1235 ,

177 1253 255 1311 m,
277 1269 325 1314 p.
354 1250 464 1309 456.

247 1332 360 1378 Car.
387 1332 551 1380 XXII.
582 1330 818 1377 Clausum.
841 1331 967 1379 Flor.
984 1367 999 1391 ‚
1021 1347 1098 1392 xv,
1119 1347 1177 1378 12
1203 1347 1217 1378 ε
1241 1351 1262 1374 α
1277 1334 1534 1392 Aususque
1558 1331 1751 1377 tandem
1775 1332 1930 1378 Caesar

176 1413 421 1472 Augustus
434 1444 447 1468 ,
474 1409 892 1472 septingentesimo
925 1411 1078 1457 Caesar
1103 1410 1164 1456 ab
1187 1410 1321 1457 Urbe
1352 1408 1547 1456 condita
1578 1424 1705 1455 anno
1719 1446 1733 1468 ‚
1757 1411 1785 1456 J
1787 1424 1931 1455 anum

178 1485 415 1549 geminum
437 1485 632 1532 cludere
645 1521 659 1544 ,
682 1486 751 1532 bels-
775 1496 885 1534 ante
918 1503 968 1533 se
996 1488 1180 1534 clusum
1195 1523 1209 1547 ,
1233 1487 1322 1534 sub
1356 1488 1514 1534 Numa
1550 1501 1688 1548 rege,
1724 1494 1772 1532 et
1804 1485 1929 1532 victa

176 1563 385 1625 primum
408 1563 706 1627 Carthagine.
735 1585 755 1606 »

245 1643 410 1688 Parta.
443 1643 667 1700 Formula
698 1642 925 1704 frequens
958 1641 1009 1688 in
1042 1641 1258 1688 rostratis
1282 1641 1488 1704 Augusti
1517 1641 1684 1687 statuis
1710 1658 1721 1687 ε
1747 1639 1826 1692 ὁτι
1855 1650 1928 1696 τὴν

181 1726 332 1785 εἰρήνην
359 1727 690 1785 ἐστασιασμένην
715 1727 760 1770 ἐκ
781 1732 930 1770 πολλοῦ
959 1727 1184 1773 συνέστησε
1207 1726 1320 1770 κατά
1344 1742 1391 1769 τε
1414 1731 1512 1784 γῆν,
1534 1724 1606 1770 καὶ
1631 1725 1746 1770 κατὰ
1776 1726 1929 1770 θάλασ-

183 1820 273 1848 σαν,
299 1796 531 1858 Appiam,
564 1799 622 1843 B.
652 1797 729 1852 C„
765 1813 819 1856 v,
843 1813 891 1858 p.
921 1796 1030 1856 746.

254 1875 341 1921 Bis
370 1891 527 1921 ovans.
552 1876 625 1921 Ex
646 1874 790 1920 Dion.
821 1885 920 1920 ter.-
942 1883 1168 1921 monente
1185 1875 1253 1921 Cl.
1279 1875 1435 1929 Hase,
1464 1871 1701 1919 dissensus
1724 1872 1932 1934 scripto-

181 1968 288 1999 rum
317 1952 423 1999 tolli
447 1952 631 2014 nequit.
665 1953 886 2000 Ceterum
917 1952 1157 2013 duplicem
1193 1951 1457 1998 orationem
1491 1949 1777 1998 confirmant
1807 1951 1934 1998 Fasti

183 2029 454 2092 Capitolini.
484 2031 609 2077 Vide
642 2032 911 2077 Casaunon.
1297 2040 1300 2043 “

256 2109 551 2170 Triumphos.
586 2109 847 2167 Quomodo
881 2110 941 2155 ab
981 2108 1204 2155 ovatione
1238 2108 1430 2154 differat
1468 2106 1761 2168 triumphus,
1792 2107 1936 2153 docet

182 2186 406 2249 Dionys„
431 2202 463 2231 V
488 2202 500 2230 Ξ
525 2197 688 2251 Πρῶτον
723 2194 820 2251 μὲν,
850 2195 911 2237 ὅτι
935 2196 1058 2245 πεζὸς
1081 2194 1308 2253 εἰσέρχεται
1335 2195 1443 2252 μετὰ
1481 2198 1553 2243 τῆς
1577 2196 1774 2251 στρατιᾶς
1795 2209 1932 2252 προη-

182 2272 374 2329 γούμενος
406 2272 425 2312 ὁ
465 2270 531 2313 τὸν
561 2270 735 2316 εὐάστην
767 2270 962 2329 καταγὼν
991 2269 1210 2329 θρίαμῧον,
1250 2272 1336 2313 ἀλλ’
1376 2272 1446 2314 οὐκ
1480 2272 1538 2328 ἐφ’
1564 2271 1768 2328 ἅρματος,
1797 2270 1933 2328 ὥσπερ

185 2348 351 2400 ἐκεῖνος,
374 2363 413 2391 κ.
437 2364 476 2390 τ.
503 2353 539 2390 λ.

257 2418 381 2463 Tres.
413 2416 572 2480 Virg.,
599 2416 785 2464 AE'neid.
804 2452 817 2472 ,
842 2434 938 2463 vm
955 2451 968 2474 ,
995 2424 1087 2475 714
1123 2433 1133 2462 :

371 2557 422 2595 At
442 2556 583 2604 Caesar,
602 2554 750 2609 triplici
774 2555 953 2595 invectus
967 2567 1133 2595 romana
1157 2553 1362 2608 triumpho

365 2624 531 2667 Moenia.
554 2656 564 2665 .
592 2656 602 2665 .
626 2656 636 2666 .

190 2746 382 2794 Servius
405 2747 466 2794 ad
481 2747 527 2793 h.
553 2748 583 2793 l.
610 2763 621 2792 ε
639 2766 664 2788 «ι
680 2745 840 2792 Primo
858 2745 935 2792 die
957 2745 1267 2807 triumphavit
1283 2745 1542 2805 exercitus,
1567 2745 1652 2808 qui
1676 2745 1941 2793 Antonium

190 2824 368 2871 vicerat
405 2824 562 2872 navali
595 2825 751 2881 bello;
776 2824 1015 2882 secundo,
1052 2824 1138 2886 qui
1163 2825 1402 2871 Dalmatas
1430 2823 1632 2882 vicerat5
1667 2824 1810 2871 tertio
1841 2823 1942 2885 ipse

193 2918 301 2949 cum
332 2903 642 2950 alexandrino
666 2904 880 2949 invectus
904 2911 973 2949 est
997 2903 1258 2964 triumpho.
1283 2923 1303 2944 ι»

261 2981 373 3027 Car.
408 2982 598 3028 XXIII.
631 2982 918 3027 Lollianam.
952 2983 1011 3028 A.
1036 2982 1095 3028 U.
1125 2981 1234 3039 738.
1262 2982 1407 3040 Vell.,
1438 2996 1505 3040 ιι,
1544 2996 1607 3043 97
1645 2998 1657 3028 z
1682 3001 1713 3034 ,α
1731 2982 1940 3041 Accepta

193 3057 243 3102 in
271 3057 523 3104 Germania
546 3057 703 3104 clades
726 3059 977 3121 sublegato
999 3060 1066 3104 M.
1094 3058 1278 3117 Lollio,
1301 3057 1493 3105 homine
1525 3058 1576 3104 in
1601 3057 1761 3105 omnia
1793 3071 1945 3122 pecu-

195 3134 282 3181 niae
319 3151 464 3196 quam
506 3145 634 3183 recte
659 3136 864 3182 faciendi
899 3136 1175 3198 cupidiore,
1214 3145 1261 3183 et
1296 3136 1419 3182 inter
1455 3152 1685 3183 summam
1717 3134 1943 3182 vitiorum

196 3211 616 3260 dissimulationem
653 3213 978 3271 vitiosissimo;
1018 3214 1281 3276 amissaque
1303 3213 1503 3276 legionis
1541 3213 1719 3275 quintae
1758 3212 1944 3275 aquila,

196 3290 384 3337 vocavit
405 3292 464 3338 ab
492 3292 624 3341 Urbe
657 3292 706 3338 in
731 3292 903 3339 Gallias
929 3294 1166 3340 Caesarem.
1199 3314 1216 3334 »
