<?xml version="1.0" encoding="UTF-8"?>
<!DOCTYPE html PUBLIC "-//W3C//DTD XHTML 1.0 Transitional//EN"
    "http://www.w3.org/TR/xhtml1/DTD/xhtml1-transitional.dtd">
<html xmlns="http://www.w3.org/1999/xhtml" xml:lang="en" lang="en">
 <head>
  <title>
</title>
<meta http-equiv="Content-Type" content="text/html;charset=utf-8" />
  <meta name='ocr-system' content='tesseract 3.04.00' />
  <meta name='ocr-capabilities' content='ocr_page ocr_carea ocr_par ocr_line ocrx_word'/>
</head>
<body>
  <div class='ocr_page' id='page_1' title='image "./operasuet00suetuoft_0234.png"; bbox 0 0 2372 3918; ppageno 0'>
   <div class='ocr_carea' id='block_1_1' title="bbox 392 322 1428 369">
    <p class='ocr_par' dir='ltr' id='par_1_1' title="bbox 392 322 1428 369">
     <span class='ocr_line' id='line_1_1' title="bbox 392 322 1428 369; baseline 0.001 -2"><span class='ocrx_word' id='word_1_1' title='bbox 392 322 483 368; x_wconf 79' lang='lat'><strong>206</strong></span> <span class='ocrx_word' id='word_1_2' title='bbox 1055 323 1102 367; x_wconf 91' lang='lat' dir='ltr'><strong>C.</strong></span> <span class='ocrx_word' id='word_1_3' title='bbox 1140 324 1428 369; x_wconf 85' lang='lat' dir='ltr'><strong>SUETONII</strong></span> 
     </span>
    </p>
   </div>
   <div class='ocr_carea' id='block_1_2' title="bbox 385 425 2086 1093">
    <p class='ocr_par' dir='ltr' id='par_1_2' title="bbox 385 425 2086 1093">
     <span class='ocr_line' id='line_1_2' title="bbox 390 425 2083 505; baseline 0.003 -24"><span class='ocrx_word' id='word_1_4' title='bbox 390 426 646 482; x_wconf 88' lang='lat' dir='ltr'><strong>larentur.</strong></span> <span class='ocrx_word' id='word_1_5' title='bbox 686 425 838 498; x_wconf 86' lang='lat' dir='ltr'><strong>Quin</strong></span> <span class='ocrx_word' id='word_1_6' title='bbox 873 437 927 481; x_wconf 90' lang='lat' dir='ltr'><strong>et</strong></span> <span class='ocrx_word' id='word_1_7' title='bbox 963 426 1283 502; x_wconf 84' lang='lat' dir='ltr'><strong>spectaculis</strong></span> <span class='ocrx_word' id='word_1_8' title='bbox 1330 427 1638 483; x_wconf 89' lang='lat' dir='ltr'><strong>advenienti</strong></span> <span class='ocrx_word' id='word_1_9' title='bbox 1677 446 1993 505; x_wconf 80' lang='lat' dir='ltr'><strong>assurgere,</strong></span> <span class='ocrx_word' id='word_1_10' title='bbox 2031 444 2083 486; x_wconf 89' lang='lat' dir='ltr'><strong>et</strong></span> 
     </span>
     <span class='ocr_line' id='line_1_3' title="bbox 389 523 2072 603; baseline 0.004 -23"><span class='ocrx_word' id='word_1_11' title='bbox 389 525 632 582; x_wconf 85' lang='lat' dir='ltr'>lacernas</span> <span class='ocrx_word' id='word_1_12' title='bbox 663 524 933 602; x_wconf 85' lang='lat' dir='ltr'><strong>deponere</strong></span> <span class='ocrx_word' id='word_1_13' title='bbox 964 523 1227 583; x_wconf 90' lang='lat' dir='ltr'><strong>solebant.</strong></span> <span class='ocrx_word' id='word_1_14' title='bbox 1259 528 1488 583; x_wconf 90' lang='lat' dir='ltr'><strong>Senatus</strong></span> <span class='ocrx_word' id='word_1_15' title='bbox 1516 547 1763 603; x_wconf 88' lang='lat' dir='ltr'><strong>quoque,</strong></span> <span class='ocrx_word' id='word_1_16' title='bbox 1792 540 1853 583; x_wconf 90' lang='lat' dir='ltr'><strong>ut</strong></span> <span class='ocrx_word' id='word_1_17' title='bbox 1876 528 1946 584; x_wconf 92' lang='lat' dir='ltr'><strong>ad</strong></span> <span class='ocrx_word' id='word_1_18' title='bbox 1970 550 2072 586; x_wconf 89' lang='lat' dir='ltr'><strong>nu-</strong></span> 
     </span>
     <span class='ocr_line' id='line_1_4' title="bbox 388 622 2079 700; baseline 0.002 -21"><span class='ocrx_word' id='word_1_19' title='bbox 388 646 598 681; x_wconf 92' lang='lat' dir='ltr'><strong>merum</strong></span> <span class='ocrx_word' id='word_1_20' title='bbox 625 623 887 680; x_wconf 87' lang='lat' dir='ltr'>sodalium</span> <span class='ocrx_word' id='word_1_21' title='bbox 923 622 1287 700; x_wconf 87' lang='lat' dir='ltr'>augustalium</span> <span class='ocrx_word' id='word_1_22' title='bbox 1314 638 1459 681; x_wconf 82' lang='lat' dir='ltr'><strong>sorte</strong></span> <span class='ocrx_word' id='word_1_23' title='bbox 1490 624 1779 681; x_wconf 90' lang='lat' dir='ltr'><strong>ductorum</strong></span> <span class='ocrx_word' id='word_1_24' title='bbox 1812 639 1962 683; x_wconf 87' lang='lat' dir='ltr'><strong>extra</strong></span> <span class='ocrx_word' id='word_1_25' title='bbox 1993 649 2079 683; x_wconf 92' lang='lat' dir='ltr'><strong>or-</strong></span> 
     </span>
     <span class='ocr_line' id='line_1_5' title="bbox 387 723 2078 802; baseline 0.002 -24"><span class='ocrx_word' id='word_1_26' title='bbox 387 724 569 779; x_wconf 90' lang='lat' dir='ltr'><strong>dinem</strong></span> <span class='ocrx_word' id='word_1_27' title='bbox 600 723 952 800; x_wconf 80' lang='lat' dir='ltr'><strong>adjiceretur,</strong></span> <span class='ocrx_word' id='word_1_28' title='bbox 975 723 1207 794; x_wconf 90' lang='lat' dir='ltr'><strong>censuit;</strong></span> <span class='ocrx_word' id='word_1_29' title='bbox 1239 735 1295 779; x_wconf 92' lang='lat' dir='ltr'><strong>et</strong></span> <span class='ocrx_word' id='word_1_30' title='bbox 1317 744 1477 795; x_wconf 83' lang='lat' dir='ltr'><strong>mox,</strong></span> <span class='ocrx_word' id='word_1_31' title='bbox 1500 736 1563 780; x_wconf 93' lang='lat' dir='ltr'><strong>ut</strong></span> <span class='ocrx_word' id='word_1_32' title='bbox 1590 724 1780 781; x_wconf 91' lang='lat' dir='ltr'><strong>domus</strong></span> <span class='ocrx_word' id='word_1_33' title='bbox 1814 727 1887 799; x_wconf 87' lang='lat' dir='ltr'><strong>ei,</strong></span> <span class='ocrx_word' id='word_1_34' title='bbox 1915 746 2078 802; x_wconf 89' lang='lat' dir='ltr'><strong>quam</strong></span> 
     </span>
     <span class='ocr_line' id='line_1_6' title="bbox 388 813 2086 899; baseline 0.002 -21"><span class='ocrx_word' id='word_1_35' title='bbox 388 813 640 878; x_wconf 90' lang='lat' dir='ltr'><strong>incendio</strong></span> <span class='ocrx_word' id='word_1_36' title='bbox 657 822 934 892; x_wconf 85' lang='lat' dir='ltr'><strong>amiserat,</strong></span> <span class='ocrx_word' id='word_1_37' title='bbox 964 819 1181 898; x_wconf 88' lang='lat' dir='ltr'><strong>publica</strong></span> <span class='ocrx_word' id='word_1_38' title='bbox 1209 822 1451 899; x_wconf 89' lang='lat' dir='ltr'><strong>impensa</strong></span> <span class='ocrx_word' id='word_1_39' title='bbox 1478 824 1876 895; x_wconf 86' lang='lat' dir='ltr'><strong>restitueretur,</strong></span> <span class='ocrx_word' id='word_1_40' title='bbox 1904 824 2086 882; x_wconf 88' lang='lat' dir='ltr'><strong>dicen-</strong></span> 
     </span>
     <span class='ocr_line' id='line_1_7' title="bbox 385 919 2078 999; baseline 0.003 -23"><span class='ocrx_word' id='word_1_41' title='bbox 385 921 575 998; x_wconf 84' lang='lat' dir='ltr'><strong>daeque</strong></span> <span class='ocrx_word' id='word_1_42' title='bbox 618 923 760 978; x_wconf 90' lang='lat' dir='ltr'><strong>inter</strong></span> <span class='ocrx_word' id='word_1_43' title='bbox 792 919 1100 977; x_wconf 90' lang='lat' dir='ltr'><strong>consulares</strong></span> <span class='ocrx_word' id='word_1_44' title='bbox 1147 922 1422 978; x_wconf 85' lang='lat' dir='ltr'><strong>sententiae</strong></span> <span class='ocrx_word' id='word_1_45' title='bbox 1458 923 1547 999; x_wconf 87' lang='lat' dir='ltr'><strong>jus</strong></span> <span class='ocrx_word' id='word_1_46' title='bbox 1589 936 1742 981; x_wconf 92' lang='lat' dir='ltr'><strong>esset.</strong></span> <span class='ocrx_word' id='word_1_47' title='bbox 1782 925 1950 999; x_wconf 89' lang='lat' dir='ltr'><strong>Quod</strong></span> <span class='ocrx_word' id='word_1_48' title='bbox 1981 925 2078 981; x_wconf 90' lang='lat' dir='ltr'><strong>de-</strong></span> 
     </span>
     <span class='ocr_line' id='line_1_8' title="bbox 385 1020 2084 1093; baseline 0.002 -16"><span class='ocrx_word' id='word_1_49' title='bbox 385 1033 594 1078; x_wconf 90' lang='lat' dir='ltr'><strong>cretum</strong></span> <span class='ocrx_word' id='word_1_50' title='bbox 631 1020 894 1078; x_wconf 89' lang='lat' dir='ltr'><strong>abolitum</strong></span> <span class='ocrx_word' id='word_1_51' title='bbox 943 1033 1053 1093; x_wconf 88' lang='lat' dir='ltr'><strong>est,</strong></span> <span class='ocrx_word' id='word_1_52' title='bbox 1080 1033 1368 1077; x_wconf 85' lang='lat' dir='ltr'><strong>excusante</strong></span> <span class='ocrx_word' id='word_1_53' title='bbox 1408 1021 1625 1079; x_wconf 89' lang='lat' dir='ltr'><strong>Tiberio</strong></span> <span class='ocrx_word' id='word_1_54' title='bbox 1661 1023 2084 1082; x_wconf 87' lang='lat' dir='ltr'><strong>imbecillitatem</strong></span> 
     </span>
    </p>
   </div>
   <div class='ocr_carea' id='block_1_3' title="bbox 385 1117 2109 1201">
    <p class='ocr_par' dir='ltr' id='par_1_3' title="bbox 385 1117 2109 1201">
     <span class='ocr_line' id='line_1_9' title="bbox 385 1117 2109 1201; baseline 0.003 -25"><span class='ocrx_word' id='word_1_55' title='bbox 385 1121 530 1196; x_wconf 79' lang='lat' dir='ltr'><strong>ejuS,</strong></span> <span class='ocrx_word' id='word_1_56' title='bbox 558 1142 620 1177; x_wconf 89' lang='lat' dir='ltr'><strong>ac</strong></span> <span class='ocrx_word' id='word_1_57' title='bbox 651 1121 911 1178; x_wconf 91' lang='lat' dir='ltr'><strong>damnum</strong></span> <span class='ocrx_word' id='word_1_58' title='bbox 935 1118 1259 1177; x_wconf 86' lang='lat' dir='ltr'><strong>liberalitate</strong></span> <span class='ocrx_word' id='word_1_59' title='bbox 1288 1141 1384 1177; x_wconf 90' lang='lat' dir='ltr'><strong>sua</strong></span> <span class='ocrx_word' id='word_1_60' title='bbox 1414 1134 1747 1178; x_wconf 88' lang='lat' dir='ltr'><strong>resarturum</strong></span> <span class='ocrx_word' id='word_1_61' title='bbox 1771 1123 2081 1201; x_wconf 88' lang='lat' dir='ltr'><strong>pollicente.</strong></span> <span class='ocrx_word' id='word_1_62' title='bbox 2105 1117 2109 1125; x_wconf 49' lang='lat'>⁸</span> 
     </span>
    </p>
   </div>
   <div class='ocr_carea' id='block_1_4' title="bbox 328 1220 2090 3382">
    <p class='ocr_par' dir='ltr' id='par_1_4' title="bbox 328 1220 2090 3382">
     <span class='ocr_line' id='line_1_10' title="bbox 385 1220 2087 1300; baseline 0.003 -25"><span class='ocrx_word' id='word_1_63' title='bbox 385 1221 499 1292; x_wconf 86' lang='lat' dir='ltr'><strong>Qui</strong></span> <span class='ocrx_word' id='word_1_64' title='bbox 527 1231 709 1278; x_wconf 91' lang='lat' dir='ltr'><strong>tamen</strong></span> <span class='ocrx_word' id='word_1_65' title='bbox 738 1221 974 1277; x_wconf 89' lang='lat' dir='ltr'><strong>moriens</strong></span> <span class='ocrx_word' id='word_1_66' title='bbox 1010 1221 1143 1276; x_wconf 90' lang='lat' dir='ltr'><strong>etin</strong></span> <span class='ocrx_word' id='word_1_67' title='bbox 1166 1221 1338 1275; x_wconf 86' lang='lat' dir='ltr'><strong>tertiis</strong></span> <span class='ocrx_word' id='word_1_68' title='bbox 1365 1220 1654 1277; x_wconf 89' lang='lat' dir='ltr'><strong>heredibus</strong></span> <span class='ocrx_word' id='word_1_69' title='bbox 1689 1228 1815 1277; x_wconf 81' lang='lat' dir='ltr'><strong>e‘um</strong></span> <span class='ocrx_word' id='word_1_70' title='bbox 1849 1244 1914 1278; x_wconf 85' lang='lat' dir='ltr'><strong>ex</strong></span> <span class='ocrx_word' id='word_1_71' title='bbox 1934 1236 2087 1300; x_wconf 82' lang='lat' dir='ltr'><strong>parte</strong></span> 
     </span>
     <span class='ocr_line' id='line_1_11' title="bbox 386 1318 2084 1396; baseline 0.003 -22"><span class='ocrx_word' id='word_1_72' title='bbox 386 1320 546 1375; x_wconf 87' lang='lat' dir='ltr'><strong>tertia</strong></span> <span class='ocrx_word' id='word_1_73' title='bbox 572 1332 977 1396; x_wconf 91' lang='lat' dir='ltr'><strong>nuncupatum,</strong></span> <span class='ocrx_word' id='word_1_74' title='bbox 1020 1318 1195 1396; x_wconf 87' lang='lat' dir='ltr'><strong>legato</strong></span> <span class='ocrx_word' id='word_1_75' title='bbox 1221 1318 1384 1375; x_wconf 90' lang='lat' dir='ltr'><strong>etiam</strong></span> <span class='ocrx_word' id='word_1_76' title='bbox 1413 1320 1557 1375; x_wconf 91' lang='lat' dir='ltr'><strong>circa</strong></span> <span class='ocrx_word' id='word_1_77' title='bbox 1585 1323 1890 1377; x_wconf 83' lang='lat' dir='ltr'><strong>sestertium</strong></span> <span class='ocrx_word' id='word_1_78' title='bbox 1921 1325 2084 1379; x_wconf 88' lang='lat' dir='ltr'><strong>vicies</strong></span> 
     </span>
     <span class='ocr_line' id='line_1_12' title="bbox 385 1417 2083 1494; baseline 0.004 -22"><span class='ocrx_word' id='word_1_79' title='bbox 385 1430 733 1493; x_wconf 88' lang='lat' dir='ltr'><strong>prosecutus,</strong></span> <span class='ocrx_word' id='word_1_80' title='bbox 769 1417 1166 1474; x_wconf 89' lang='lat' dir='ltr'><strong>commendavit</strong></span> <span class='ocrx_word' id='word_1_81' title='bbox 1195 1418 1416 1494; x_wconf 89' lang='lat' dir='ltr'><strong>insuper</strong></span> <span class='ocrx_word' id='word_1_82' title='bbox 1446 1419 1803 1490; x_wconf 78' lang='lat' dir='ltr'><strong>exercitibuS‚</strong></span> <span class='ocrx_word' id='word_1_83' title='bbox 1832 1441 1894 1475; x_wconf 88' lang='lat' dir='ltr'><strong>ac</strong></span> <span class='ocrx_word' id='word_1_84' title='bbox 1928 1442 2083 1478; x_wconf 91' lang='lat' dir='ltr'><strong>sena-</strong></span> 
     </span>
     <span class='ocr_line' id='line_1_13' title="bbox 385 1516 2090 1595; baseline 0.003 -23"><span class='ocrx_word' id='word_1_85' title='bbox 385 1518 465 1572; x_wconf 91' lang='lat' dir='ltr'><strong>tui</strong></span> <span class='ocrx_word' id='word_1_86' title='bbox 484 1516 798 1595; x_wconf 89' lang='lat' dir='ltr'><strong>populoque</strong></span> <span class='ocrx_word' id='word_1_87' title='bbox 818 1536 1046 1573; x_wconf 90' lang='lat' dir='ltr'><strong>romano</strong></span> <span class='ocrx_word' id='word_1_88' title='bbox 1067 1518 1209 1572; x_wconf 90' lang='lat' dir='ltr'><strong>inter</strong></span> <span class='ocrx_word' id='word_1_89' title='bbox 1229 1529 1436 1572; x_wconf 90' lang='lat' dir='ltr'><strong>ceteras</strong></span> <span class='ocrx_word' id='word_1_90' title='bbox 1463 1518 1884 1575; x_wconf 88' lang='lat' dir='ltr'><strong>necessitudines</strong></span> <span class='ocrx_word' id='word_1_91' title='bbox 1918 1523 2090 1577; x_wconf 92' lang='lat' dir='ltr'><strong>nomi-</strong></span> 
     </span>
     <span class='ocr_line' id='line_1_14' title="bbox 386 1617 2036 1672; baseline 0.003 -1"><span class='ocrx_word' id='word_1_92' title='bbox 386 1617 575 1672; x_wconf 89' lang='lat' dir='ltr'><strong>natim.</strong></span> <span class='ocrx_word' id='word_1_93' title='bbox 2030 1626 2036 1632; x_wconf 83' lang='lat'>&#39;</span> 
     </span>
     <span class='ocr_line' id='line_1_15' title="bbox 464 1715 2086 1788; baseline 0.003 -17"><span class='ocrx_word' id='word_1_94' title='bbox 464 1718 588 1772; x_wconf 92' lang='lat' dir='ltr'><strong>VII.</strong></span> <span class='ocrx_word' id='word_1_95' title='bbox 631 1716 744 1772; x_wconf 91' lang='lat' dir='ltr'><strong>Sub</strong></span> <span class='ocrx_word' id='word_1_96' title='bbox 781 1718 913 1774; x_wconf 91' lang='lat' dir='ltr'><strong>Caio</strong></span> <span class='ocrx_word' id='word_1_97' title='bbox 944 1715 1162 1772; x_wconf 90' lang='lat' dir='ltr'><strong>demum</strong></span> <span class='ocrx_word' id='word_1_98' title='bbox 1197 1715 1378 1775; x_wconf 88' lang='lat' dir='ltr'><strong>fratris</strong></span> <span class='ocrx_word' id='word_1_99' title='bbox 1413 1715 1552 1788; x_wconf 91' lang='lat' dir='ltr'><strong>filio,</strong></span> <span class='ocrx_word' id='word_1_100' title='bbox 1581 1717 1872 1773; x_wconf 88' lang='lat' dir='ltr'><strong>secundam</strong></span> <span class='ocrx_word' id='word_1_101' title='bbox 1899 1721 2086 1776; x_wconf 87' lang='lat' dir='ltr'><strong>existi-</strong></span> 
     </span>
     <span class='ocr_line' id='line_1_16' title="bbox 389 1816 2086 1892; baseline 0.003 -22"><span class='ocrx_word' id='word_1_102' title='bbox 389 1817 685 1871; x_wconf 89' lang='lat' dir='ltr'><strong>mationem</strong></span> <span class='ocrx_word' id='word_1_103' title='bbox 734 1817 877 1872; x_wconf 90' lang='lat' dir='ltr'><strong>circa</strong></span> <span class='ocrx_word' id='word_1_104' title='bbox 922 1817 1077 1872; x_wconf 90' lang='lat' dir='ltr'><strong>initia</strong></span> <span class='ocrx_word' id='word_1_105' title='bbox 1113 1817 1328 1892; x_wconf 89' lang='lat' dir='ltr'><strong>imperii</strong></span> <span class='ocrx_word' id='word_1_106' title='bbox 1366 1816 1619 1872; x_wconf 92' lang='lat' dir='ltr'><strong>omnibus</strong></span> <span class='ocrx_word' id='word_1_107' title='bbox 1653 1816 1937 1874; x_wconf 90' lang='lat' dir='ltr'><strong>lenociniis</strong></span> <span class='ocrx_word' id='word_1_108' title='bbox 1972 1819 2086 1875; x_wconf 90' lang='lat' dir='ltr'><strong>col-</strong></span> 
     </span>
     <span class='ocr_line' id='line_1_17' title="bbox 385 1913 2087 1996; baseline 0.004 -27"><span class='ocrx_word' id='word_1_109' title='bbox 385 1913 617 1992; x_wconf 83' lang='lat' dir='ltr'><strong>ligente,</strong></span> <span class='ocrx_word' id='word_1_110' title='bbox 647 1915 882 1971; x_wconf 89' lang='lat' dir='ltr'><strong>honores</strong></span> <span class='ocrx_word' id='word_1_111' title='bbox 912 1916 1247 1992; x_wconf 79' lang='lat' dir='ltr'><strong>auspicatUS‚</strong></span> <span class='ocrx_word' id='word_1_112' title='bbox 1280 1914 1624 1978; x_wconf 88' lang='lat' dir='ltr'><strong>consulatum</strong></span> <span class='ocrx_word' id='word_1_113' title='bbox 1658 1918 1819 1993; x_wconf 87' lang='lat' dir='ltr'><strong>gessit</strong></span> <span class='ocrx_word' id='word_1_114' title='bbox 1847 1939 1955 1974; x_wconf 90' lang='lat' dir='ltr'><strong>una</strong></span> <span class='ocrx_word' id='word_1_115' title='bbox 1980 1927 2087 1996; x_wconf 80' lang='lat' dir='ltr'><strong>&#39;per</strong></span> 
     </span>
     <span class='ocr_line' id='line_1_18' title="bbox 386 2013 2083 2092; baseline 0.002 -23"><span class='ocrx_word' id='word_1_116' title='bbox 386 2013 522 2070; x_wconf 91' lang='lat' dir='ltr'><strong>duos</strong></span> <span class='ocrx_word' id='word_1_117' title='bbox 550 2034 760 2070; x_wconf 91' lang='lat' dir='ltr'><strong>menses</strong></span> <span class='ocrx_word' id='word_1_118' title='bbox 798 2036 812 2070; x_wconf 75' lang='grc' dir='ltr'><strong><em>ε</em></strong></span> <span class='ocrx_word' id='word_1_119' title='bbox 850 2014 1159 2091; x_wconf 86' lang='lat' dir='ltr'><strong>evenitque,</strong></span> <span class='ocrx_word' id='word_1_120' title='bbox 1207 2026 1268 2070; x_wconf 93' lang='lat' dir='ltr'><strong>ut</strong></span> <span class='ocrx_word' id='word_1_121' title='bbox 1299 2015 1551 2091; x_wconf 88' lang='lat' dir='ltr'><strong>primitus</strong></span> <span class='ocrx_word' id='word_1_122' title='bbox 1593 2016 1924 2092; x_wconf 89' lang='lat' dir='ltr'><strong>ingredienti</strong></span> <span class='ocrx_word' id='word_1_123' title='bbox 1957 2039 2083 2073; x_wconf 93' lang='lat' dir='ltr'><strong>cum</strong></span> 
     </span>
     <span class='ocr_line' id='line_1_19' title="bbox 385 2112 2084 2191; baseline 0.003 -23"><span class='ocrx_word' id='word_1_124' title='bbox 385 2113 622 2170; x_wconf 88' lang='lat' dir='ltr'><strong>fascibus</strong></span> <span class='ocrx_word' id='word_1_125' title='bbox 652 2117 882 2186; x_wconf 88' lang='lat' dir='ltr'><strong>Forum,</strong></span> <span class='ocrx_word' id='word_1_126' title='bbox 908 2112 1294 2191; x_wconf 83' lang='lat' dir='ltr'><strong>praetervolans</strong></span> <span class='ocrx_word' id='word_1_127' title='bbox 1322 2113 1504 2190; x_wconf 91' lang='lat' dir='ltr'><strong>aquila</strong></span> <span class='ocrx_word' id='word_1_128' title='bbox 1526 2114 1830 2171; x_wconf 86' lang='lat' dir='ltr'><strong>dexteriore</strong></span> <span class='ocrx_word' id='word_1_129' title='bbox 1854 2117 2084 2173; x_wconf 93' lang='lat' dir='ltr'><strong>humero</strong></span> 
     </span>
     <span class='ocr_line' id='line_1_20' title="bbox 384 2212 2087 2292; baseline 0.002 -24"><span class='ocrx_word' id='word_1_130' title='bbox 384 2213 707 2269; x_wconf 88' lang='lat' dir='ltr'><strong>consideret.</strong></span> <span class='ocrx_word' id='word_1_131' title='bbox 742 2213 980 2270; x_wconf 91' lang='lat' dir='ltr'><strong>Sortitus</strong></span> <span class='ocrx_word' id='word_1_132' title='bbox 1015 2225 1095 2269; x_wconf 91' lang='lat' dir='ltr'><strong>est</strong></span> <span class='ocrx_word' id='word_1_133' title='bbox 1137 2225 1191 2269; x_wconf 91' lang='lat' dir='ltr'><strong>et</strong></span> <span class='ocrx_word' id='word_1_134' title='bbox 1223 2212 1289 2269; x_wconf 91' lang='lat' dir='ltr'><strong>de</strong></span> <span class='ocrx_word' id='word_1_135' title='bbox 1325 2212 1494 2268; x_wconf 89' lang='lat' dir='ltr'><strong>altero</strong></span> <span class='ocrx_word' id='word_1_136' title='bbox 1529 2214 1815 2270; x_wconf 90' lang='lat' dir='ltr'><strong>consulatu</strong></span> <span class='ocrx_word' id='word_1_137' title='bbox 1834 2216 1890 2270; x_wconf 94' lang='lat' dir='ltr'><strong>in</strong></span> <span class='ocrx_word' id='word_1_138' title='bbox 1922 2237 2087 2292; x_wconf 89' lang='lat' dir='ltr'><strong>quar·</strong></span> 
     </span>
     <span class='ocr_line' id='line_1_21' title="bbox 328 2294 2086 2389; baseline 0.003 -23"><span class='ocrx_word' id='word_1_139' title='bbox 328 2294 336 2299; x_wconf 32' lang='lat'><strong>⁴</strong></span> <span class='ocrx_word' id='word_1_140' title='bbox 386 2324 504 2367; x_wconf 91' lang='lat' dir='ltr'><strong>tum</strong></span> <span class='ocrx_word' id='word_1_141' title='bbox 543 2330 779 2384; x_wconf 83' lang='lat' dir='ltr'><strong>annum3</strong></span> <span class='ocrx_word' id='word_1_142' title='bbox 825 2311 1182 2389; x_wconf 83' lang='lat' dir='ltr'><strong>praeseditque</strong></span> <span class='ocrx_word' id='word_1_143' title='bbox 1222 2332 1618 2389; x_wconf 88' lang='lat' dir='ltr'><strong>nonnunquam</strong></span> <span class='ocrx_word' id='word_1_144' title='bbox 1658 2314 1976 2389; x_wconf 90' lang='lat' dir='ltr'><strong>spectaculis</strong></span> <span class='ocrx_word' id='word_1_145' title='bbox 2029 2318 2086 2371; x_wconf 92' lang='lat' dir='ltr'><strong>in</strong></span> 
     </span>
     <span class='ocr_line' id='line_1_22' title="bbox 384 2410 2082 2490; baseline 0.002 -23"><span class='ocrx_word' id='word_1_146' title='bbox 384 2411 505 2467; x_wconf 80' lang='lat' dir='ltr'><strong>Caii</strong></span> <span class='ocrx_word' id='word_1_147' title='bbox 544 2412 716 2468; x_wconf 87' lang='lat' dir='ltr'><strong>vicem</strong></span> <span class='ocrx_word' id='word_1_148' title='bbox 737 2454 752 2484; x_wconf 90' lang='lat'><strong>,</strong></span> <span class='ocrx_word' id='word_1_149' title='bbox 787 2411 1118 2468; x_wconf 89' lang='lat' dir='ltr'><strong>acclamante</strong></span> <span class='ocrx_word' id='word_1_150' title='bbox 1166 2410 1401 2489; x_wconf 88' lang='lat' dir='ltr'><strong>populo,</strong></span> <span class='ocrx_word' id='word_1_151' title='bbox 1451 2436 1476 2463; x_wconf 89' lang='lat'>«</span> <span class='ocrx_word' id='word_1_152' title='bbox 1508 2411 1759 2468; x_wconf 88' lang='lat' dir='ltr'><strong>Feliciter</strong></span> <span class='ocrx_word' id='word_1_153' title='bbox 1783 2438 1842 2484; x_wconf 72' lang='lat' dir='ltr'><strong>‚n</strong></span> <span class='ocrx_word' id='word_1_154' title='bbox 1884 2417 2082 2490; x_wconf 89' lang='lat' dir='ltr'><strong>partim</strong></span> 
     </span>
     <span class='ocr_line' id='line_1_23' title="bbox 385 2493 1933 2588; baseline -0.001 -22"><span class='ocrx_word' id='word_1_155' title='bbox 385 2534 410 2561; x_wconf 91' lang='lat'>«</span> <span class='ocrx_word' id='word_1_156' title='bbox 427 2523 624 2587; x_wconf 89' lang='lat' dir='ltr'><strong>patruo</strong></span> <span class='ocrx_word' id='word_1_157' title='bbox 646 2511 987 2588; x_wconf 88' lang='lat' dir='ltr'><strong>imperatoris</strong></span> <span class='ocrx_word' id='word_1_158' title='bbox 1007 2554 1021 2582; x_wconf 88' lang='lat'><strong><em>‚</em></strong></span> <span class='ocrx_word' id='word_1_159' title='bbox 1038 2536 1064 2563; x_wconf 74' lang='lat'><strong>&gt;2</strong></span> <span class='ocrx_word' id='word_1_160' title='bbox 1093 2512 1291 2587; x_wconf 86' lang='lat' dir='ltr'><strong>partim</strong></span> <span class='ocrx_word' id='word_1_161' title='bbox 1320 2493 1348 2562; x_wconf 62' lang='grc' dir='ltr'><strong>ὲ(</strong></span> <span class='ocrx_word' id='word_1_162' title='bbox 1370 2511 1687 2566; x_wconf 90' lang='lat' dir='ltr'><strong>Germanici</strong></span> <span class='ocrx_word' id='word_1_163' title='bbox 1714 2511 1886 2568; x_wconf 90' lang='lat' dir='ltr'><strong>fratri.</strong></span> <span class='ocrx_word' id='word_1_164' title='bbox 1907 2538 1933 2566; x_wconf 86' lang='lat'>»</span> 
     </span>
     <span class='ocr_line' id='line_1_24' title="bbox 462 2608 2085 2671; baseline 0.001 -3"><span class='ocrx_word' id='word_1_165' title='bbox 462 2613 614 2668; x_wconf 88' lang='lat' dir='ltr'>VIII.</span> <span class='ocrx_word' id='word_1_166' title='bbox 662 2614 778 2668; x_wconf 89' lang='lat' dir='ltr'><strong>Nec</strong></span> <span class='ocrx_word' id='word_1_167' title='bbox 807 2632 871 2666; x_wconf 91' lang='lat' dir='ltr'><strong>eo</strong></span> <span class='ocrx_word' id='word_1_168' title='bbox 895 2612 1074 2666; x_wconf 89' lang='lat' dir='ltr'><strong>minus</strong></span> <span class='ocrx_word' id='word_1_169' title='bbox 1101 2608 1442 2665; x_wconf 90' lang='lat' dir='ltr'><strong>contumeliis</strong></span> <span class='ocrx_word' id='word_1_170' title='bbox 1475 2611 1743 2666; x_wconf 83' lang='lat' dir='ltr'><strong>obnoxius</strong></span> <span class='ocrx_word' id='word_1_171' title='bbox 1760 2613 1910 2668; x_wconf 84' lang='lat' dir='ltr'><strong>vixit.</strong></span> <span class='ocrx_word' id='word_1_172' title='bbox 1935 2616 2085 2671; x_wconf 75' lang='lat' dir='ltr'><strong>¹Nam</strong></span> 
     </span>
     <span class='ocr_line' id='line_1_25' title="bbox 385 2699 2087 2786; baseline 0.003 -22"><span class='ocrx_word' id='word_1_173' title='bbox 385 2721 439 2764; x_wconf 89' lang='lat' dir='ltr'><strong>et</strong></span> <span class='ocrx_word' id='word_1_174' title='bbox 457 2709 501 2764; x_wconf 93' lang='lat' dir='ltr'><strong>si</strong></span> <span class='ocrx_word' id='word_1_175' title='bbox 532 2708 695 2786; x_wconf 89' lang='lat' dir='ltr'><strong>paulo</strong></span> <span class='ocrx_word' id='word_1_176' title='bbox 714 2710 883 2764; x_wconf 88' lang='lat' dir='ltr'><strong>serius</strong></span> <span class='ocrx_word' id='word_1_177' title='bbox 913 2709 981 2764; x_wconf 89' lang='lat' dir='ltr'><strong>ad</strong></span> <span class='ocrx_word' id='word_1_178' title='bbox 998 2709 1309 2785; x_wconf 83' lang='lat' dir='ltr'><strong>praedictam</strong></span> <span class='ocrx_word' id='word_1_179' title='bbox 1338 2729 1501 2764; x_wconf 81' lang='lat' dir='ltr'><strong>coenae</strong></span> <span class='ocrx_word' id='word_1_180' title='bbox 1515 2710 1705 2765; x_wconf 88' lang='lat' dir='ltr'><strong>horam</strong></span> <span class='ocrx_word' id='word_1_181' title='bbox 1728 2699 2051 2769; x_wconf 89' lang='lat' dir='ltr'><strong>occurrisset</strong></span> <span class='ocrx_word' id='word_1_182' title='bbox 2072 2757 2087 2786; x_wconf 91' lang='lat'><strong><em>‚</em></strong></span> 
     </span>
     <span class='ocr_line' id='line_1_26' title="bbox 386 2803 2088 2888; baseline 0.002 -25"><span class='ocrx_word' id='word_1_183' title='bbox 386 2829 498 2864; x_wconf 92' lang='lat' dir='ltr'><strong>non</strong></span> <span class='ocrx_word' id='word_1_184' title='bbox 533 2810 638 2863; x_wconf 90' lang='lat' dir='ltr'><strong>nisi</strong></span> <span class='ocrx_word' id='word_1_185' title='bbox 671 2828 840 2885; x_wconf 70' lang='lat' dir='ltr'><strong>aegre,</strong></span> <span class='ocrx_word' id='word_1_186' title='bbox 887 2820 941 2863; x_wconf 93' lang='lat' dir='ltr'><strong>et</strong></span> <span class='ocrx_word' id='word_1_187' title='bbox 976 2803 1205 2864; x_wconf 87' lang='lat' dir='ltr'><strong>circuito</strong></span> <span class='ocrx_word' id='word_1_188' title='bbox 1236 2808 1455 2864; x_wconf 89' lang='lat' dir='ltr'><strong>demum</strong></span> <span class='ocrx_word' id='word_1_189' title='bbox 1484 2807 1752 2882; x_wconf 84' lang='lat' dir='ltr'><strong>tricliniO,</strong></span> <span class='ocrx_word' id='word_1_190' title='bbox 1789 2812 2088 2888; x_wconf 88' lang='lat' dir='ltr'><strong>recipieba-</strong></span> 
     </span>
     <span class='ocr_line' id='line_1_27' title="bbox 386 2909 2086 2986; baseline 0.002 -23"><span class='ocrx_word' id='word_1_191' title='bbox 386 2920 477 2963; x_wconf 91' lang='lat' dir='ltr'><strong>tur</strong></span> <span class='ocrx_word' id='word_1_192' title='bbox 519 2929 532 2963; x_wconf 92' lang='lat'>:</span> <span class='ocrx_word' id='word_1_193' title='bbox 582 2920 665 2980; x_wconf 86' lang='lat' dir='ltr'><strong>et,</strong></span> <span class='ocrx_word' id='word_1_194' title='bbox 711 2909 923 2983; x_wconf 91' lang='lat' dir='ltr'><strong>quoties</strong></span> <span class='ocrx_word' id='word_1_195' title='bbox 970 2921 1092 2985; x_wconf 94' lang='lat' dir='ltr'><strong>post</strong></span> <span class='ocrx_word' id='word_1_196' title='bbox 1138 2909 1323 2964; x_wconf 90' lang='lat' dir='ltr'><strong>cibum</strong></span> <span class='ocrx_word' id='word_1_197' title='bbox 1357 2909 1809 2980; x_wconf 88' lang='lat' dir='ltr'><strong>addormisceret,</strong></span> <span class='ocrx_word' id='word_1_198' title='bbox 1848 2910 1994 2986; x_wconf 90' lang='lat' dir='ltr'><strong>quod</strong></span> <span class='ocrx_word' id='word_1_199' title='bbox 2036 2912 2086 2966; x_wconf 89' lang='lat' dir='ltr'><strong>ei</strong></span> 
     </span>
     <span class='ocr_line' id='line_1_28' title="bbox 385 3007 2080 3084; baseline 0.002 -23"><span class='ocrx_word' id='word_1_200' title='bbox 385 3007 494 3062; x_wconf 89' lang='lat' dir='ltr'><strong>fere</strong></span> <span class='ocrx_word' id='word_1_201' title='bbox 536 3007 842 3077; x_wconf 81' lang='lat' dir='ltr'><strong>accidebat,</strong></span> <span class='ocrx_word' id='word_1_202' title='bbox 883 3007 1124 3064; x_wconf 90' lang='lat' dir='ltr'><strong>olearum</strong></span> <span class='ocrx_word' id='word_1_203' title='bbox 1170 3029 1231 3064; x_wconf 89' lang='lat' dir='ltr'><strong>ac</strong></span> <span class='ocrx_word' id='word_1_204' title='bbox 1269 3007 1632 3084; x_wconf 91' lang='lat' dir='ltr'><strong>palmularum</strong></span> <span class='ocrx_word' id='word_1_205' title='bbox 1667 3009 1874 3064; x_wconf 90' lang='lat' dir='ltr'><strong>ossibus</strong></span> <span class='ocrx_word' id='word_1_206' title='bbox 1909 3011 2080 3064; x_wconf 92' lang='lat' dir='ltr'><strong>inces-</strong></span> 
     </span>
     <span class='ocr_line' id='line_1_29' title="bbox 386 3096 2085 3184; baseline 0 -23"><span class='ocrx_word' id='word_1_207' title='bbox 386 3107 632 3161; x_wconf 87' lang='lat' dir='ltr'><strong>sebatur:</strong></span> <span class='ocrx_word' id='word_1_208' title='bbox 656 3107 928 3162; x_wconf 87' lang='lat' dir='ltr'><strong>interdum</strong></span> <span class='ocrx_word' id='word_1_209' title='bbox 950 3107 1121 3163; x_wconf 90' lang='lat' dir='ltr'><strong>ferula</strong></span> <span class='ocrx_word' id='word_1_210' title='bbox 1148 3107 1383 3184; x_wconf 82' lang='lat' dir='ltr'><strong>flagrove</strong></span> <span class='ocrx_word' id='word_1_211' title='bbox 1400 3150 1415 3178; x_wconf 88' lang='lat'>,</span> <span class='ocrx_word' id='word_1_212' title='bbox 1442 3106 1594 3163; x_wconf 83' lang='lat' dir='ltr'><strong>velut</strong></span> <span class='ocrx_word' id='word_1_213' title='bbox 1626 3127 1724 3184; x_wconf 89' lang='lat' dir='ltr'><strong>per</strong></span> <span class='ocrx_word' id='word_1_214' title='bbox 1747 3096 1934 3163; x_wconf 89' lang='lat' dir='ltr'><strong>ludum</strong></span> <span class='ocrx_word' id='word_1_215' title='bbox 1957 3150 1972 3177; x_wconf 84' lang='lat'>‚</span> <span class='ocrx_word' id='word_1_216' title='bbox 2000 3128 2085 3162; x_wconf 86' lang='lat' dir='ltr'><strong>ex-</strong></span> 
     </span>
     <span class='ocr_line' id='line_1_30' title="bbox 387 3205 2081 3282; baseline 0.001 -24"><span class='ocrx_word' id='word_1_217' title='bbox 387 3205 656 3261; x_wconf 88' lang='lat' dir='ltr'><strong>citabatur</strong></span> <span class='ocrx_word' id='word_1_218' title='bbox 685 3227 716 3261; x_wconf 91' lang='lat' dir='ltr'><strong>a</strong></span> <span class='ocrx_word' id='word_1_219' title='bbox 743 3208 968 3282; x_wconf 88' lang='lat' dir='ltr'><strong>copreis.</strong></span> <span class='ocrx_word' id='word_1_220' title='bbox 999 3205 1258 3262; x_wconf 89' lang='lat' dir='ltr'><strong>Solebant</strong></span> <span class='ocrx_word' id='word_1_221' title='bbox 1283 3218 1334 3260; x_wconf 90' lang='lat' dir='ltr'><strong>et</strong></span> <span class='ocrx_word' id='word_1_222' title='bbox 1361 3207 1612 3262; x_wconf 88' lang='lat' dir='ltr'><strong>manibus</strong></span> <span class='ocrx_word' id='word_1_223' title='bbox 1642 3207 1911 3261; x_wconf 88' lang='lat' dir='ltr'><strong>stertentis</strong></span> <span class='ocrx_word' id='word_1_224' title='bbox 1942 3206 2081 3260; x_wconf 85' lang='lat' dir='ltr'><strong>socci</strong></span> 
     </span>
     <span class='ocr_line' id='line_1_31' title="bbox 388 3304 2078 3382; baseline 0 -25"><span class='ocrx_word' id='word_1_225' title='bbox 388 3304 601 3375; x_wconf 85' lang='lat' dir='ltr'><strong>induci,</strong></span> <span class='ocrx_word' id='word_1_226' title='bbox 626 3317 684 3361; x_wconf 92' lang='lat' dir='ltr'><strong>ut</strong></span> <span class='ocrx_word' id='word_1_227' title='bbox 710 3318 932 3381; x_wconf 88' lang='lat' dir='ltr'><strong>repente</strong></span> <span class='ocrx_word' id='word_1_228' title='bbox 963 3304 1366 3382; x_wconf 83' lang='lat' dir='ltr'><strong>expergefactus</strong></span> <span class='ocrx_word' id='word_1_229' title='bbox 1398 3306 1587 3362; x_wconf 89' lang='lat' dir='ltr'><strong>faciem</strong></span> <span class='ocrx_word' id='word_1_230' title='bbox 1607 3306 1707 3360; x_wconf 91' lang='lat' dir='ltr'><strong>sibi</strong></span> <span class='ocrx_word' id='word_1_231' title='bbox 1739 3304 2078 3359; x_wconf 89' lang='lat' dir='ltr'><strong>confricaret.</strong></span> 
     </span>
    </p>
   </div>
  </div>
 </body>
</html>
