2372 3918
410 257 468 300 58
1082 262 1132 305 C.
1171 260 1466 306 SUETONH

402 366 620 434 Romae,
655 383 755 440 per
784 363 1057 437 triduum,
1091 365 1432 441 totidemque
1459 375 1676 434 noctes3
1711 363 1839 418 item
1870 361 2132 440 pestilen-

402 464 508 534 tia,
543 475 750 539 quanta
784 485 893 519 non
934 476 1136 521 temere
1167 463 1315 520 alias,
1351 467 1412 520 In
1452 465 1535 519 his
1574 475 1654 529 tot
1685 461 1927 518 adversis
1960 483 2024 519 ac
2051 476 2134 518 ta·-

404 563 574 637 libus,
605 586 715 621 non
748 565 913 621 modo
946 567 1213 644 principis
1242 565 1701 636 sollicitudinem,
1727 562 1821 620 sed
1849 577 1901 619 et
1937 584 2135 641 paren·

402 667 469 722 tis
524 665 780 722 affectum
835 668 1065 722 unicum
1105 667 1360 744 praestitit
1406 688 1417 722 :
1463 686 1613 722 nunc
1656 662 1993 722 consolando
2041 684 2139 740 per

401 766 606 833 edicta,
653 788 800 823 nunc
832 765 1158 844 opitulando
1178 810 1192 839 ,
1227 779 1500 844 quatenus
1537 778 1852 844 suppeteret
1885 763 2135 820 facultas,

400 869 694 924 Curatores
724 867 1078 924 restituendae
1102 869 1418 945 Campaniae
1441 889 1471 925 e
1500 866 1875 924 consularium
1906 886 2139 922 numero

401 980 549 1024 sorte
580 968 755 1025 duxit.
790 972 942 1026 Bona
976 989 1369 1047 oppressorum
1401 971 1456 1024 in
1489 972 1703 1026 Vesevo
1722 1011 1736 1039 ,
1772 988 2012 1044 quorum
2043 966 2141 1022 he·

401 1069 557 1125 redes
610 1090 722 1125 non
753 1070 1090 1141 exstabant,
1115 1071 1452 1128 restitutioni
1484 1069 1813 1126 afflictarum
1847 1069 2137 1124 civitatum

400 1170 675 1227 attribuit.
712 1172 881 1228 Urbis
907 1171 1162 1228 incendio
1202 1170 1370 1242 nihil,
1395 1172 1501 1227 nisi
1531 1171 1664 1244 sibi,
1689 1170 1911 1249 publice
1936 1171 2139 1248 perisse

402 1283 665 1340 testatuS,
716 1284 916 1327 cuncta
961 1273 1347 1347 praetoriorum
1387 1292 1614 1328 suorum
1648 1284 1973 1328 ornamenta
2009 1292 2137 1348 ope·

405 1371 554 1426 ribus
590 1391 653 1427 ac
684 1370 905 1449 templis
930 1370 1258 1441 destinavit3
1287 1372 1699 1448 praeposuitque
1726 1369 2041 1447 complures
2073 1392 2138 1426 ex

401 1473 641 1547 equestri
696 1471 926 1544 ordine,
978 1492 1091 1548 quo
1135 1491 1367 1548 quaeque
1413 1471 1683 1533 maturius
1730 1482 2138 1548 peragerentur.

400 1570 690 1628 Medendae
716 1570 1051 1642 valetudini,
1082 1570 1465 1649 leniendisque
1494 1572 1728 1643 morbis,
1766 1569 1972 1627 nullam
2007 1571 2144 1626 divi-

401 1692 527 1728 nam
568 1670 980 1749 humanamque
1019 1692 1181 1751 opem
1217 1693 1331 1729 non
1368 1670 1649 1744 adhibuit,
1682 1673 1948 1749 inquisito
1986 1674 2140 1727 omni

399 1772 798 1829 sacrificiorum
824 1772 1312 1850 remediorumque
1336 1793 1556 1851 genere.
1582 1777 1739 1829 Inter
1760 1771 1987 1829 adversa
2015 1785 2144 1828 tem-

399 1893 600 1949 porum
627 1887 684 1929 et
715 1872 986 1930 delatores
1014 1873 1475 1950 mandatoresque
1501 1886 1688 1943 erant,
1716 1894 1779 1928 ex
1808 1872 2031 1929 licentia
2056 1894 2143 1928 ve-

400 1975 521 2029 teri.
553 1977 668 2030 Hos
702 1974 921 2030 assidue
970 1975 1025 2029 in
1059 1978 1203 2031 Foro
1238 1973 1467 2053 flagellis
1499 1994 1562 2030 ac
1586 1973 1824 2029 fustibus
1857 1994 2045 2044 caesos,
2079 1995 2142 2028 ac

405 2075 697 2131 novissime
739 2075 1025 2131 traductos
1059 2095 1158 2152 per
1190 2075 1599 2151 Amphitheatri
1633 2082 1886 2145 arenam,
1939 2075 2139 2151 partim

401 2174 734 2252 subjici,.ac
768 2177 953 2232 venire
999 2177 1322 2253 imperavit,
1355 2176 1556 2252 partim
1604 2176 1660 2230 in
1692 2176 2021 2252 asperrimas
2060 2176 2143 2230 in-

399 2274 644 2331 sularum
675 2277 854 2332 avehi.
885 2280 1073 2353 thue
1109 2277 1274 2332 etiam
1306 2274 1505 2332 similia
1535 2275 1873 2352 quandoque
1913 2297 2143 2334 ausuros

403 2388 673 2453 perpetuo
717 2390 1034 2449 coerceret,
1084 2378 1259 2432 vetuit
1306 2378 1451 2432 inter
1495 2389 1707 2446 cetera,
1743 2376 1810 2432 de
1853 2375 2042 2431 eadem
2085 2398 2142 2431 re

402 2476 651 2553 pluribus
697 2477 909 2556 legibus
937 2480 1071 2556 'agi‚
1113 2479 1355 2555 quaet-ive
1391 2477 1460 2533 de
1489 2477 1815 2554 cujusquam
1846 2476 2141 2533 defuncto-

400 2599 524 2634 rum
554 2592 700 2635 statu
722 2623 735 2650 ,
771 2578 915 2635 ultra
952 2591 1129 2634 certos
1161 2600 1354 2634 annos

478 2682 579 2735 IX.
630 2680 1030 2737 Pontificatum
1077 2682 1383 2736 maximum
1425 2680 1548 2736 ideo
1596 2703 1651 2737 se
1683 2681 1961 2758 professus
2005 2683 2143 2737 acci-

400 2801 555 2858 pere,
587 2793 646 2835 ut
680 2802 845 2858 puras
875 2794 1120 2837 servaret
1147 2802 1367 2854 manuS,
1386 2780 1556 2838 ‘fidem
1593 2783 1845 2859 praestitit
1873 2803 1884 2838 ε
1921 2803 2019 2838 nec
2049 2803 2140 2838 au·

401 2894 521 2937 ctor
557 2882 784 2959 posthac
819 2882 1143 2959 cujusquam
1177 2884 1355 2956 neciS,
1412 2903 1511 2939 nec
1554 2884 1849 2955 conscius„
1886 2883 2135 2959 quamvis

401 2982 676 3038 interdum
710 2982 1006 3039 ulciscendi
1047 3005 1210 3039 causa
1247 3004 1357 3039 non
1382 2983 1622 3056 deesset;
1643 2983 1735 3039 sed
1778 3007 1805 3034 α
1829 2984 2134 3060 periturum

399 3105 456 3139 se
488 3086 672 3162 potius
693 3128 707 3154 ,
741 3105 908 3160 quam
955 3084 1336 3162 perditurum,
1362 3109 1387 3136 »
1420 3084 1697 3162 adjurans.
1728 3087 1884 3141 Duos
1920 3084 2136 3160 patricii

400 3186 612 3261 generis
648 3187 930 3257 convictos
966 3187 1022 3240 in
1058 3185 1405 3242 affectatione
1437 3187 1690 3263 imperii,
1727 3184 1863 3242 nihil
1901 3184 2136 3261 amplius

401 3307 567 3361 quam
623 3299 686 3342 ut
731 3286 1090 3358 desisterent,
1138 3288 1381 3359 monuit,
1430 3287 1668 3358 docens,
1705 3312 1730 3338 «
1763 3287 2134 3362 principatum
