2372 3918
432 341 448 368 r
463 342 484 383 7
498 331 521 379 f,
1207 327 1399 372 NOTAE

493 406 602 466 (fn.
634 420 835 468 XXVII.
867 421 1061 466 Restitit.
1088 422 1231 479 vell„
1260 438 1301 467 11
1318 456 1332 479 ,
1357 420 1515 479 66-67
1544 438 1554 465 ε
1586 442 1604 462 «ι
1622 423 1929 485 Repugnante
1957 425 2159 482 Caesare,

422 497 506 543 sed
541 498 716 544 frustra
739 498 961 544 adversus
986 499 1133 557 duos,
1168 499 1482 546 instauratum
1507 499 1691 545 Sullani
1725 501 1929 562 exempli
1960 503 2161 558 malum,

421 573 721 637 proscriptio.
747 596 767 618 n

498 655 723 700 Tutorem.
748 654 951 714 Appian.
968 690 981 712 ‚
1007 657 1063 700 B.
1096 655 1142 700 C.
1161 688 1177 709 ,
1205 670 1256 699 ιν
1273 691 1286 712 ,
1310 671 1357 715 p.
1386 656 1478 717 396
1511 671 1522 700 Ζ
1547 646 1604 704 ἦν
1638 658 1688 704 δὲ
1715 660 1786 705 καὶ
1801 663 2003 721 Θωράνιος
2026 665 2064 706 ἐν
2082 666 2164 713 τοῖς

422 738 813 797 προγεγραμμένοις,
836 739 1046 796 λεγόμενος
1067 740 1144 782 ὑπὸ
1167 745 1284 781 τινῶν
1323 741 1613 797 ἐπιτροπεῦσαι
1638 739 1835 797 Καίσαρι.

485 818 652 864 Iunius
701 819 991 865 Saturninus.
1035 819 1131 876 Qui
1178 818 1382 879 scriptor
1426 820 1641 866 suetonii
1686 819 1876 880 aequalis
1934 819 2038 866 fuit.
2090 822 2162 866 Cf.

420 897 681 941 Bonnam«.

492 972 545 1017 T.
581 972 765 1017 Vinium
795 973 1218 1033 Philopoemenem.
1244 975 1299 1018 T.
1335 974 1463 1019 Vinii
1484 975 1733 1034 libertum,
1759 983 1864 1021 test.
1894 973 2157 1020 Casaubon.

486 1050 746 1096 Pinarium.
780 1050 870 1096 Hic
900 1050 1088 1096 Caesaris
1125 1051 1271 1097 haeres
1307 1050 1396 1096 fuit
1431 1052 1646 1098 Octavio.
1680 1052 1801 1097 Vide
1834 1052 1979 1106 Cet-5„
2017 1067 2157 1112 supra

420 1141 634 1178 1.xxx111‚

484 1205 805 1267 Paganorum.
839 1206 898 1250 Η.
936 1221 974 1252 e.
1010 1221 1109 1250 non
1134 1206 1436 1252 militantium
1472 1207 1660 1253 civium.
1697 1207 1869 1253 Suidas
1908 1223 1919 1252 t
1956 1213 2160 1272 παγανοὶ,

418 1289 700 1348 ἀστράτευτοι,
729 1282 878 1340 Inde,
905 1283 1107 1328 docente
1132 1284 1199 1328 cl.
1234 1286 1391 1338 Hase,
1424 1300 1649 1346 paganos
1680 1284 1922 1329 christiani
1946 1284 2160 1344 appella-

417 1358 534 1405 bant
558 1375 639 1406 eos
653 1396 666 1418 ,
701 1360 787 1420 qui
810 1360 993 1405 militioe
1019 1361 1199 1406 Christi
1216 1377 1317 1406 non
1341 1370 1495 1406 essent
1517 1361 1755 1421 adscripti.

492 1449 551 1506 Q.
580 1448 808 1494 Gallium.
832 1450 907 1494 De
932 1465 1031 1509 quo
1059 1449 1261 1509 Appian.
1281 1484 1293 1507 ,
1319 1451 1375 1496 B.
1404 1450 1476 1504 C.,
1507 1460 1600 1508 111¹,
1632 1466 1681 1511 p.
1710 1440 1817 1507 587.

482 1537 545 1581 In
568 1535 725 1595 officio
759 1539 1074 1583 salutationis.
1109 1539 1322 1584 Salutare
1348 1538 1646 1598 potentiores
1666 1538 1793 1584 hora
1822 1537 1972 1597 prima
2007 1545 2053 1582 et
2083 1553 2159 1582 se—

418 1612 573 1659 cunda
602 1614 734 1675 apud
757 1616 1001 1661 Romanos
1023 1616 1169 1661 moris
1198 1625 1313 1662 erat.
1347 1618 1486 1662 Mart.
1504 1652 1517 1674 ,
1545 1633 1627 1674 1v,
1659 1633 1683 1674 7
1713 1632 1724 1660 :

593 1759 727 1800 Prima
743 1761 958 1800 salutantes
977 1769 1096 1814 atque
1112 1762 1235 1801 altera
1251 1761 1431 1802 continet
1445 1749 1560 1801 hora.

420 1898 582 1954 Mane,
611 1913 708 1942 vox
731 1898 951 1944 solemnis
975 1908 1075 1944 erat
1097 1914 1195 1945 ave.
1221 1902 1385 1956 Mart.,
1412 1917 1453 1958 1,
1479 1901 1540 1947 56
1563 1920 1573 1947 :

594 2043 645 2082 Et
662 2041 901 2084 matutinum
926 2049 1061 2096 portat
1073 2043 1233 2097 ineptus
1255 2056 1340 2084 ave.

415 2181 624 2240 Vespere
657 2188 836 2238 autem,
862 2183 986 2225 vale.
1014 2182 1173 2225 Graece
1187 2215 1200 2237 ,
1224 2190 1340 2244 χαῖρε
1364 2189 1410 2225 et
1432 2188 1610 2245 ὑγίαινε,
1633 2190 1687 2225 ut
1704 2181 1847 2227 docet
1874 2182 1994 2240 Dio,
2012 2199 2129 2228 ant
2143 2202 2156 2241 ;

412 2272 459 2316 p.
482 2257 574 2318 796
600 2274 611 2301 :
638 2263 723 2307 Καὶ
750 2265 997 2317 ἠσπάσατο,
1033 2265 1117 2307 οὔτι
1148 2281 1194 2323 γε
1218 2271 1276 2322 τῷ
1304 2267 1447 2322 ἑωθινῷ
1479 2265 1765 2323 προσρήματι,
1792 2272 1851 2325 τῷ
1879 2268 2018 2325 χαῖρε,
2050 2268 2154 2315 ἀλλὰ

413 2345 471 2396 τῷ
503 2336 698 2398 ἑσπερινῷ
726 2342 953 2399 τῷὓγίαινε
974 2342 1239 2400 χρησάμενος.

479 2421 653 2467 Scribit.
678 2422 860 2481 Nempe
884 2421 934 2465 in
957 2421 1089 2467 libris
1106 2422 1167 2467 de
1188 2422 1286 2467 vita
1310 2438 1407 2467 sua.

483 2499 786 2543 Tribunitiam
815 2508 1119 2558 potestatem.
1148 2503 1304 2559 Quam
1329 2508 1439 2561 post
1464 2500 1703 2547 devictum
1727 2501 1993 2548 Antonium
2017 2518 2045 2548 a
2076 2519 2154 2550 se-

412 2583 530 2621 natu
552 2575 791 2621 decretam
820 2577 878 2622 A.
904 2578 963 2622 U.
1001 2583 1123 2635 724,
1156 2577 1338 2638 recepit
1360 2579 1418 2623 A.
1445 2579 1504 2624 U.
1545 2579 1635 2636 731
1679 2594 1720 2624 a.
1753 2579 1801 2624 d.
1838 2595 1882 2624 v.
1911 2579 2005 2625 kal.
2033 2580 2152 2640 jul„

413 2661 517 2698 test.
540 2652 678 2712 Dio.,
710 2668 788 2712 ιι,
812 2669 861 2713 p.
902 2652 1012 2711 457.
1042 2655 1116 2701 De
1146 2654 1226 2700 illa
1258 2654 1324 2700 sic
1360 2655 1535 2714 Tacit.‚
1559 2658 1736 2701 Annal.
1754 2689 1771 2711 ,
1804 2673 1894 2715 111,
1921 2655 1981 2702 56
2008 2674 2019 2702 ε
2048 2678 2069 2698 a
2095 2659 2154 2704 Id

411 2729 580 2775 summi
605 2729 780 2792 fastigii
805 2731 1091 2776 vocabulum
1113 2733 1354 2794 Augustus
1377 2731 1580 2793 reperit,
1610 2749 1671 2779 ne
1697 2735 1841 2796 Regis
1871 2744 1954 2780 aut
1983 2737 2152 2780 Dicta-

410 2808 523 2853 tor-is
550 2817 827 2867 assumeret,
843 2824 898 2855 ac
924 2818 1082 2855 tamen
1104 2810 1422 2871 appellatione
1447 2809 1608 2872 aliqua
1631 2820 1790 2859 cetera
1811 2812 2010 2874 imperia
2024 2829 2150 2873 prae-

413 2883 626 2930 mineret.
656 2905 676 2925 »
1790 2894 1794 2899 ·

480 2961 716 3022 Regimen.
751 2963 808 3007 A.
834 2963 894 3009 U.
927 2963 1019 3020 735
1044 2962 1094 3008 in
1127 2963 1536 3025 quinquennium,
1562 2974 1609 3010 et
1640 2968 1692 3011 A.
1724 2967 1784 3012 U.
1820 2971 1911 3023 74²
1946 2964 1996 3009 in
2027 2968 2148 3012 alte-

412 3054 520 3083 rum
545 3038 942 3100 quinquennium.
1907 3040 1910 3046 ¹

480 3118 776 3177 Perpetuam.
800 3121 1086 3179 Perpetuam
1106 3118 1327 3167 habuisse
1350 3119 1465 3167 dicit
1487 3119 1765 3178 Suetonius,
1791 3120 2018 3181 quoniam
2040 3130 2151 3181 post

412 3193 594 3255 singula
621 3195 949 3256 quinquennia
978 3189 1074 3242 vel*
1097 3212 1187 3258 per
1214 3196 1326 3243 alias
1364 3197 1634 3246 occasiones
1664 3197 2028 3261 prorogandum
2061 3198 2150 3243 sihi

412 3287 437 3314 a
461 3280 626 3317 senatu
649 3288 780 3333 aeque
811 3274 994 3320 curavit
1010 3309 1023 3333 ,
1047 3290 1101 3320 ac
1123 3274 1376 3335 imperium
1392 3275 1546 3336 ipsum
1567 3283 1678 3336 post
1700 3275 1940 3321 decennia.

484 3349 573 3392 Ter
600 3351 707 3410 egit.
732 3350 864 3396 Idem
896 3350 997 3411 ipse
1035 3352 1095 3397 de
1126 3368 1175 3398 se
1205 3354 1474 3414 Augustus,
1505 3352 1555 3397 in
1586 3353 1797 3398 Monam.
1823 3355 1997 3411 Aneyr.
2015 3385 2032 3407 ‚
2064 3352 2148 3397 ubi
