2372 3918
328 267 352 295 α
993 250 1043 298 c,
1085 236 1386 298 sUEToNn

329 356 626 432 imperator
674 375 801 411 vero
853 356 1016 412 etiam
1075 369 1303 414 stemma
1363 358 1418 413 in
1476 358 1616 412 atrio
1676 357 2052 434 proposuerit,

326 477 437 533 quo
472 467 755 533 paternam
796 457 1065 535 originem
1101 457 1169 514 ad
1207 461 1398 514 Jovem
1419 502 1433 531 ,
1469 469 1774 513 maternam
1808 456 1877 513 ad
1913 459 2061 514 Pasi-

323 556 503 634 phaen
539 558 746 614 Minois
785 578 1009 614 uxorem
1039 557 1277 615 referret.

409 660 510 717 III.
551 660 824 737 Imagines
856 670 910 714 et
942 657 1119 737 elogia
1152 660 1393 716 universi
1433 660 1647 738 generis
1679 660 1900 736 exsequi
1937 658 2059 715 lon-

325 779 458 837 gum
487 770 575 834 est>
605 781 619 815 ε
652 758 872 815 familiae
907 759 1148 815 breviter
1174 761 1457 838 attingam.
1490 761 1602 833 Qui
1637 760 1849 837 primus
1883 758 2061 837 Sulpi-

325 861 540 916 ciorum
573 880 881 938 cognomen
910 858 1102 916 Galbae
1128 858 1288 933 tulit,
1322 873 1571 934 cur„aut
1610 861 1758 917 unde
1798 861 2059 930 traxerit,

324 960 641 1038 ambigitur.
688 958 928 1032 Quidam
969 971 1203 1037 putant,
1244 960 1395 1038 quod
1437 961 1704 1038 oppidum
1748 961 2059 1038 Hispaniae,

322 1059 528 1116 frustra
562 1059 657 1116 diu
689 1072 1077 1137 oppugnatum
1097 1104 1111 1132 ‚
1143 1059 1294 1116 illitis
1325 1060 1545 1117 demum
1581 1059 1818 1139 galbano
1849 1060 2060 1117 facibus

323 1159 674 1217 succenderit
703 1182 715 1216 ε
744 1158 867 1231 alii,
905 1160 1055 1238 quod
1089 1162 1145 1216 in
1182 1161 1449 1219 diuturna
1483 1161 1795 1219 valetudine
1835 1162 2057 1241 galbeO,

322 1260 377 1319 id
413 1273 530 1333 est,
569 1261 824 1318 remediis
852 1260 978 1317 lana
1017 1260 1303 1332 involutiS‚
1340 1262 1556 1319 assidue
1592 1275 1842 1320 uteretur
1871 1285 1883 1320 :
1921 1285 2060 1319 non-

324 1360 498 1432 nulli,
526 1360 677 1438 quod
705 1362 1042 1439 praepinguis
1071 1360 1236 1418 fuerit
1259 1363 1405 1419 visus
1422 1407 1437 1434 ,
1467 1384 1632 1439 quem
1656 1363 1885 1441 galbam
1912 1363 2059 1421 Galli

323 1443 558 1534 vocent3
586 1460 674 1518 vel
706 1473 930 1533 contra,
955 1460 1106 1538 quod
1138 1473 1249 1518 tam
1281 1461 1434 1519 exilis
1452 1508 1467 1532 ‚
1496 1485 1664 1540 quam
1691 1475 1821 1520 sunt
1850 1466 2057 1521 anima-

321 1563 428 1633 lia,
482 1584 603 1640 quae
644 1563 699 1619 in
741 1561 952 1619 aesculis
988 1575 1309 1635 nascuntur,
1354 1562 1814 1642 appellanturque
1855 1566 2057 1643 galhoe.

320 1662 607 1721 Familiam
629 1662 926 1720 illustravit
943 1664 1164 1720 Servius
1190 1662 1364 1720 Galba
1391 1663 1723 1736 consulariS,
1741 1654 2056 1743 temporum

323 1786 551 1822 suorum
586 1777 641 1822 et
672 1763 1149 1841 eloquentissimus
1186 1785 1198 1820 :
1241 1785 1406 1841 quem
1444 1764 1702 1838 tradunt,
1734 1767 2057 1844 Hispaniam

323 1887 392 1923 ex
424 1878 664 1944 praetura
700 1864 1066 1937 obtinentem,
1098 1886 1217 1921 xxx
1246 1866 1637 1924 Lusitanorum
1668 1866 1910 1925 millibus
1940 1889 2060 1944 per-

321 1966 451 2023 fidia
487 1965 805 2037 trucidatiS‚
841 1966 1143 2023 Viriathini
1183 1964 1314 2021 belli
1345 1987 1563 2023 causam
1597 1968 1884 2024 exstitisse.
1925 1971 2058 2046 Ejus

322 2089 522 2146 nepos,
563 2066 635 2122 ob
675 2064 952 2143 repulsam
987 2064 1305 2122 consulatus
1348 2066 1593 2123 infensus
1632 2066 1780 2126 Julio
1820 2069 2019 2128 Caesari
2042 2112 2056 2138 ‚

320 2169 480 2246 cujus
515 2166 725 2246 legatus
761 2168 818 2223 in
857 2165 1040 2224 Gallia
1074 2166 1281 2238 fuerat,
1313 2168 1653 2244 conspiravit
1695 2188 1823 2224 cum
1867 2170 2059 2226 Cassio

319 2281 372 2326 et
397 2272 570 2326 Bruto
596 2291 609 2324 :
636 2280 864 2346 propter
884 2266 1032 2344 quod
1056 2264 1220 2324 Pedia
1252 2265 1371 2345 lege
1399 2266 1691 2325 damnatus
1715 2280 1810 2325 est.
1836 2269 1926 2327 Ab
1952 2270 2059 2327 hoc

320 2382 450 2427 sunt
478 2370 824 2448 imperatoris
853 2368 1045 2425 Galbae
1075 2390 1209 2424 avus
1242 2380 1295 2425 et
1323 2380 1496 2446 pater.
1529 2372 1686 2425 Avus
1714 2368 1915 2430 clarior
1950 2382 2059 2426 stu-

321 2472 424 2528 diis
442 2493 609 2549 quam
633 2471 901 2549 dignitate
922 2491 935 2525 :
959 2490 1070 2525 non
1095 2470 1241 2525 enim
1263 2489 1511 2546 egressus
1529 2481 1779 2546 praeturae
1797 2471 2025 2547 gradum
2042 2514 2056 2541 ‚

320 2571 687 2649 multiplicem
715 2591 818 2627 nec
843 2571 1177 2628 incuriosam
1210 2569 1496 2626 historiam
1525 2569 1714 2626 edidit.
1737 2573 1903 2628 Pater
1930 2592 2058 2628 con-

319 2671 499 2728 sulatu
533 2672 787 2744 functu8,
824 2691 1161 2748 quamquam
1200 2671 1352 2726 brevi
1390 2691 1650 2748 corpore,
1689 2683 1856 2749 atque
1890 2674 2052 2729 etiam

319 2773 530 2851 gibber,
572 2772 912 2849 modicaeque
950 2772 1015 2827 inae
1048 2770 1282 2828 dicendo
1317 2770 1626 2841 facultati5‚
1661 2792 1853 2829 causas
1888 2773 2051 2829 indu-

322 2874 453 2929 strie
502 2874 765 2929 actitavit.
818 2876 1038 2930 Uxores
1093 2872 1290 2929 habuit
1331 2873 1675 2929 .Mummiam
1724 2873 2053 2945 Achaicam,

318 2985 540 3051 neptem
568 2971 783 3046 Catuli,
817 2984 1144 3051 proneptem
1172 2974 1236 3028 L.
1270 2973 1560 3046 Mummii,
1593 2974 1688 3050 qui
1719 2974 2050 3030 Corinthum

320 3073 521 3130 excidit
565 3094 577 3128 τ
622 3074 755 3129 item
795 3073 1011 3129 Liviam
1060 3070 1402 3145 Ocellinam,
1445 3071 1614 3129 ditem
1660 3072 1957 3129 admodum
1999 3086 2053 3129 et

317 3173 605 3251 pulchram
629 3196 642 3230 ε
668 3195 700 3230 a
723 3194 832 3251 qua
859 3186 1043 3230 tamen
1078 3171 1379 3230 nobilitatis
1407 3194 1569 3232 causa
1599 3174 1873 3252 appetitus
1900 3172 2048 3230 ultro

320 3275 677 3347 existimatur,
707 3286 760 3330 et
790 3273 1073 3350 aliquanto
1110 3273 1322 3329 enixius
1341 3316 1355 3345 ,
1387 3286 1681 3352 postquam
1714 3273 1945 3330 subinde
1977 3276 2046 3330 in·
