2372 3918
396 256 410 283 ι
424 245 444 293 Ι.
456 245 480 293 l,
1055 244 1102 287 C.
1136 243 1422 288 SUETONII

393 342 593 417 vitrici,
622 358 958 423 prosecutuS,
984 364 1181 422 quum,
1216 344 1387 401 tribus
1414 343 1672 399 classibus
1696 344 1849 400 factis
1877 364 1979 421 pro
2005 344 2088 399 di-

392 445 598 520 gnitate
618 444 903 520 cujusque,
922 444 1110 519 primae
1129 455 1378 499 sexcenta
1398 442 1666 514 sestertia,
1689 442 1938 499 secundae
1963 463 2092 518 qua-

392 542 678 620 dringenta
713 542 1016 612 distribuit,
1046 541 1281 596 ducenta
1309 542 1507 612 tertiae,
1539 559 1701 617 quam
1741 561 1852 597 non
1892 541 2091 596 amico-

391 662 544 712 rum,
574 643 668 703 sed
696 654 980 720 gratorum
1000 638 1324 717 appellabat.

467 743 690 798 XLVII.
734 741 991 816 Princeps
1038 758 1213 814 neque
1259 759 1426 816 opera
1469 738 1582 795 ulla
1627 738 1914 815 magnifica
1961 737 2090 792 fecit

391 842 553 919 (nam
589 852 643 896 et
671 859 789 915 quae
815 836 926 893 sola
961 849 1301 914 susceperat,
1334 839 1564 915 Augusti
1599 837 1892 915 templum,
1927 836 2087 891 resti-⁶

394 941 764 1015 tutionemque
794 935 1109 1014 Pompeiani
1135 936 1358 1008 theatri,
1386 936 1702 1013 imperfecta
1733 947 1860 1015 post
1884 947 1967 990 tot
1995 955 2090 990 an·

390 1059 489 1094 nos
517 1036 794 1115 reliquit),
838 1055 1012 1113 neque
1048 1033 1358 1113 spectacula
1395 1036 1620 1092 omnino
1661 1034 1862 1107 edidit3
1900 1046 1955 1089 et
1995 1031 2086 1104 iis,

389 1159 509 1214 quae
542 1137 608 1193 ab
650 1135 834 1213 aliquo
873 1135 1189 1206 ederentur,
1224 1134 1494 1190 rarissime
1537 1134 1812 1204 interfuit,
1856 1153 1924 1187 ne
1956 1133 2088 1208 quid

389 1247 787 1314 exposceretur,
820 1236 1007 1311 utique
1030 1245 1318 1310 postquam
1347 1232 1652 1289 comoedum
1684 1233 1901 1289 Actium
1931 1251 2086 1286 coac-

389 1350 476 1393 tus
513 1347 593 1391 est
625 1335 1027 1391 manumittere.
1061 1336 1367 1388 Paucorum
1405 1343 1718 1387 senatorum
1747 1331 1933 1406 inopia
1967 1350 2087 1385 sus·
2117 1403 2120 1406 ‚

390 1447 620 1506 tentata,
651 1454 721 1490 ne
748 1431 996 1509 pluribus
1025 1451 1182 1507 opem
1223 1430 1410 1499 ferret,
1439 1430 1684 1506 negavit,
1716 1449 1772 1484 se
1809 1427 1926 1484 aliis
1961 1428 2088 1483 sub-

389 1545 677 1589 venturum
695 1575 710 1603 ,
744 1533 847 1586 nisi
888 1530 1098 1585 senatui
1125 1529 1294 1604 justas
1324 1529 1706 1584 necessitatum
1739 1546 1927 1582 causas
1958 1547 2087 1603 pro-

391 1632 622 1688 bassent.
655 1633 782 1704 Quo
809 1622 968 1706 paeto
990 1626 1274 1704 plerosque
1302 1625 1571 1684 modestia
1602 1637 1656 1682 et
1685 1625 1895 1702 pudore
1918 1626 2087 1682 deter-

389 1732 531 1786 ruit:
551 1733 607 1785 in
625 1730 822 1806 quibus
839 1726 1127 1783 Hortalum
1139 1770 1153 1792 ‚
1172 1727 1242 1797 Q.
1263 1727 1541 1789 Hortensii
1564 1734 1789 1788 oratoris
1808 1744 2081 1808 nepotem,

389 1830 512 1906 qui,
543 1828 852 1905 permodica
887 1848 946 1882 re
978 1823 1253 1893 familiari,
1289 1836 1509 1881 auctore
1547 1837 1819 1910 Augusto,
1849 1843 2088 1907 quatuor

390 1926 586 1984 liberos
620 1926 837 1983 tulerat.

466 2039 720 2093 XLVIII.
759 2035 980 2092 Publice
1009 2036 1433 2102 munificentiam
1461 2035 1544 2089 bis
1565 2034 1788 2089 omnino
1808 2028 2086 2085 exhibuit:

391 2136 673 2212 proposito
715 2134 909 2191 millies
941 2135 1188 2190 sestertio
1224 2134 1463 2211 gratuito
1496 2133 1552 2187 in
1586 2130 1805 2186 triennii
1841 2140 2089 2202 tempus3

389 2245 444 2289 et
475 2255 688 2306 rursuS,
718 2233 1044 2309 quibusdam
1066 2233 1300 2289 dominis
1332 2229 1658 2302 insularum,
1684 2249 1803 2304 quae
1823 2228 1880 2282 in
1903 2236 2088 2282 monte

389 2330 562 2388 Coelio
597 2331 984 2409 deflagrarant,
1019 2331 1197 2410 pretio
1239 2330 1505 2385 restituto,
1539 2329 1791 2399 Quorum
1823 2324 2053 2380 alterum
2073 2366 2088 2394 ,

390 2451 587 2509 magna
609 2429 926 2485 difficultate
950 2430 1256 2485 nummaria
1274 2426 1479 2504 populo
1500 2426 1761 2481 auxilium
1781 2425 2057 2500 flagitante
2070 2466 2084 2494 ,

390 2541 608 2585 coactus
647 2541 728 2584 est
759 2529 960 2598 facere,
996 2547 1166 2601 quum
1192 2545 1291 2601 per
1323 2524 1854 2580 senatusconsultum
1886 2523 2092 2578 sanxis-

352 2701 355 2710 .
391 2639 495 2697 set,
531 2638 596 2681 ut.
620 2626 949 2681 feneratores
979 2624 1112 2679 duas
1133 2624 1449 2700 patrimonii
1482 2635 1660 2699 partes
1690 2625 1746 2677 in
1782 2622 1896 2678 solo
1924 2620 2091 2685 collo-

392 2737 607 2795 carent,
647 2724 917 2779 debitores
953 2723 1176 2778 totidem
1215 2724 1333 2778 aeris
1367 2722 1528 2777 alieni
1571 2724 1753 2778 statim
1791 2721 2091 2790 solverent,

391 2844 491 2878 nec
510 2843 597 2878 res
624 2823 999 2898 expediretur:
1024 2820 1285 2892 alterum,
1312 2821 1381 2875 ad
1409 2820 1762 2897 mitigandam
1785 2833 2090 2897 temporum

392 2923 749 2977 atrocitatem.
773 2920 940 2994 Quod
963 2933 1144 2975 tamen
1174 2920 1496 2975 beneficium
1525 2921 1663 2974 tanti
1690 2921 1998 2990 aestimavit,
2031 2929 2093 2972 ut

389 3033 633 3079 montem
649 3019 909 3091 Coelium,
934 3017 1298 3095 appellatione
1322 3029 1531 3071 mutata
1547 3060 1562 3087 ,
1585 3020 1766 3073 vocari
1787 2998 2089 3094 Augustum

386 3124 622 3206 jusserit.
651 3118 821 3175 Militi
854 3131 978 3195 post
1008 3115 1284 3193 duplicata
1309 3136 1373 3171 ex
1405 3119 1639 3193 Augusti
1670 3129 1990 3172 testamento
2016 3116 2088 3170 le-

392 3234 513 3297 gata
539 3221 678 3276 nihil
705 3238 946 3292 unquam
975 3215 1202 3291 largitus
1223 3227 1332 3291 est,
1364 3227 1721 3291 praeterquam
1746 3214 1952 3289 singula
1980 3213 2091 3269 mil-
