2372 3918
727 218 792 262 IN
828 216 1142 263 TIBElutJM
1179 215 1511 263 NERONEM.
1903 219 1997 266 223

318 315 626 362 Mercedffius.
662 316 847 377 Nempe
882 313 1078 361 scenicis
1113 313 1469 360 donationibus.
1507 313 1570 358 Cf
1583 350 1592 358 .
1641 315 1838 371 Timr„
1889 321 1995 362 An-

248 398 345 439 nal.
362 428 381 451 ,
412 410 458 453 1,
486 410 562 454 77.

313 472 589 517 Ianuarias.
617 472 735 529 Quae
758 476 893 516 erant
916 466 1180 532 legitimum
1213 476 1480 515 strenarum
1510 475 1711 530 tempus.
1736 468 1860 517 Vide
1890 487 1997 532 sup.

248 553 369 611 Aug.
389 584 403 605 ,
431 565 557 595 mu.

319 638 429 683 Cn.
455 637 665 683 XXXV.
694 636 921 683 Gratiam.
948 636 1007 682 H.
1035 650 1075 680 e.
1098 634 1418 695 jurejurando
1439 648 1541 681 non
1555 633 1707 680 teneri
1725 634 1998 682 declaravit.

246 714 487 775 Principes
511 714 636 760 enim
656 713 734 774 jus
758 713 878 760 illud
907 711 1130 759 habuisse
1162 711 1307 762 docet
1337 711 1501 773 Cujac.
1533 711 1598 757 ad
1623 709 1801 759 Novell.
1827 710 1904 758 51.

314 792 508 853 Legum.
534 790 644 837 Scil.
670 790 907 838 Juliarum
936 791 999 836 de
1027 790 1300 836 Adulter-illc.

318 870 512 915 Poenas.
537 869 962 930 Deportationem,
994 867 1093 914 sive
1124 866 1358 913 exsilium.
1383 866 1505 913 Vide
1529 882 1635 929 sup.
1664 868 1785 929 Aug.
1805 901 1820 923 ,
1847 883 1893 913 v.

313 947 539 1003 Pmficerc‘.
568 947 743 1005 Tacit.,
772 948 947 994 Annal.
963 979 979 1002 ‚
1005 961 1047 991 11
1064 980 1078 1004 ,
1103 943 1165 991 85
1192 961 1203 991 ε
1241 966 1261 986 «ι
1283 944 1463 991 Eodem
1491 959 1618 990 anno
1650 941 1729 1008 (A.
1758 946 1818 991 U.
1853 943 1969 1009 772)
1987 980 2000 1003 ‚

246 1024 469 1085 gravibus
492 1032 684 1070 senatus
708 1024 912 1070 decretis
935 1023 1088 1070 libido
1112 1023 1399 1070 feminarum
1430 1022 1664 1082 coercita,
1688 1031 2001 1084 cautumque,

244 1116 304 1147 ne
338 1109 569 1162 quaestum
604 1116 811 1162 corpore
842 1101 1044 1160 faceret,
1082 1099 1161 1148 cui
1195 1116 1338 1158 avus,
1377 1108 1461 1146 aut
1490 1108 1644 1162 pater,
1689 1108 1772 1146 aut
1805 1100 2002 1146 maritus

245 1194 391 1240 eques
419 1194 646 1226 romanus
668 1178 833 1225 fuisset
863 1195 876 1225 ε
902 1194 1013 1225 nam
1034 1178 1242 1237 Vistilia,
1272 1177 1499 1240 praetoria
1521 1177 1698 1224 familia
1725 1177 1909 1240 genita,
1938 1179 2002 1224 li-

245 1255 450 1302 centiam
488 1256 642 1318 stupri
678 1257 811 1318 apud
844 1256 1002 1303 aediles
1037 1258 1341 1320 vulgaverat3
1365 1272 1502 1302 more
1535 1256 1662 1303 inter
1690 1264 1875 1302 veteres
1917 1272 2000 1302 re·-

244 1324 414 1395 cepto',
438 1334 524 1397 qui
541 1335 651 1382 satis
667 1351 920 1397 poenarum
941 1334 1195 1382 adversum
1218 1334 1484 1397 impudicas
1507 1334 1558 1380 in
1579 1334 1682 1396 ipsa
1705 1332 2002 1396 professione

245 1410 413 1475 flagitii
436 1413 710 1459 credebant.
734 1433 756 1456 n

318 1502 565 1563 Utriusque
586 1502 782 1548 ordinis.
806 1502 991 1562 Nempe
1013 1500 1240 1548 senatorii
1266 1499 1451 1546 ordinis
1474 1499 1522 1546 et
1550 1499 1799 1559 equestris.

317 1578 554 1624 Subibant.
579 1579 724 1625 Sua'm
763 1578 892 1626 enim
919 1578 1200 1641 dignitatem
1225 1578 1442 1632 amittere
1479 1578 1781 1627 condemnati
1817 1579 1995 1624 malue-

248 1663 386 1714 runt,
421 1671 567 1718 quam
590 1672 740 1703 scenae
769 1663 853 1703 aut
877 1671 1032 1702 arenae
1055 1671 1252 1718 operam
1283 1672 1384 1702 non
1411 1655 1565 1702 edere.

316 1744 517 1791 Ademit.
542 1746 603 1792 Η.
628 1760 669 1791 e.
695 1752 865 1791 senatu
885 1743 1051 1790 mofit.

316 1822 431 1867 Post
451 1823 591 1869 diem.
616 1821 726 1869 scil.
752 1821 980 1868 kalendas
1015 1820 1148 1881 julii,
1172 1821 1493 1868 locationibus
1527 1830 1575 1868 et
1598 1821 2004 1879 conductionibus

245 1899 594 1946 habitationum
629 1900 924 1947 constitutas.
949 1901 1118 1957 Quum
1150 1907 1310 1946 autem
1336 1901 1426 1947 sub
1454 1901 1576 1946 illud
1614 1909 1802 1961 tempus
1830 1915 2003 1963 magna

243 1993 353 2039 pars
383 1977 584 2025 civitatis
606 1978 658 2025 in
686 1977 822 2025 villas
844 1986 893 2026 et
915 1977 1195 2025 suburbana
1219 1979 1326 2024 loca
1348 1979 1598 2043 migraret,
1625 1979 1799 2025 domus
1829 1977 2002 2024 exinde

242 2053 381 2102 vilius
403 2057 551 2103 locari
573 2058 805 2103 solebant.
834 2091 841 2094 Δ

310 2146 422 2191 Cn.
446 2147 683 2193 XXXVI.
725 2146 991 2209 AEgyptios.
1035 2147 1260 2208 Ioseph„
1294 2148 1404 2192 Ant.
1442 2148 1582 2202 Iud„
1622 2162 1781 2205 xvn1,
1815 2154 1843 2203 4
1876 2164 1887 2191 :
1922 2159 2002 2203 Τῆς

242 2219 378 2279 luido<
398 2230 466 2273 τὸν
500 2230 597 2273 ναὸν
634 2214 843 2283 ιιαθεῖλεν,
866 2229 938 2273 καὶ
961 2230 1009 2273 τὸ
1034 2230 1210 2288 ἄγαλμα.
1239 2230 1292 2280 cic
1326 2231 1392 2273 τὸν
1417 2229 1564 2288 Τὺῧριν
1587 2232 1776 2289 ποταμὸν
1816 2232 2000 2274 inmuo-

245 2303 437 2363 ίμὲσιλεῖν
465 2304 671 2365 Τιςέριος,
697 2307 812 2366 ἱερεῖς
832 2324 879 2350 τι
905 2307 1227 2365 ἀνεσταύρωσεν.

312 2387 623 2449 Compescuit.
648 2390 706 2434 A.
730 2389 791 2435 U.
822 2403 933 2447 772.
957 2387 1135 2446 Tacit.‚
1159 2390 1337 2434 Annal.
1356 2422 1372 2444 ,
1399 2404 1439 2434 u
1455 2424 1468 2446 ,
1493 2388 1556 2436 85
1582 2405 1593 2434 τ
1619 2407 1640 2430 «ι
1669 2390 1841 2435 Actum
1867 2397 1913 2434 et
1940 2388 2000 2434 de

242 2464 386 2514 sacris
419 2464 635 2527 aegyptiis
667 2464 971 2526 judaicisque
1005 2464 1270 2526 pellendis;
1318 2465 1597 2528 factumque
1639 2476 1831 2528 patrum
1877 2483 1998 2512 con-

243 2543 448 2601 sultum,
482 2552 536 2588 ut
571 2552 784 2604 quatuor
817 2543 966 2590 millia
987 2542 1202 2589 libertini
1224 2543 1435 2606 generis,
1469 2560 1525 2590 ea
1559 2544 1897 2606 superstitione
1924 2545 2000 2589 in·-

245 2619 393 2678 fecta,
422 2623 530 2681 quis
558 2620 735 2667 idonea
764 2629 900 2679 aetaS,
925 2621 976 2667 in
999 2620 1202 2667 insulam
1223 2621 1491 2667 Sardiniam
1524 2621 1829 2668 veherentur.
1845 2642 1864 2663 a·

313 2698 622 2745 Sacramenti.
649 2700 709 2745 H.
735 2714 776 2745 e.
802 2699 1022 2763 legitimae
1042 2698 1219 2746 militiae
1249 2707 1497 2762 praetextu.

311 2788 550 2834 Gravior-is
573 2790 696 2834 coeli.
715 2788 824 2834 Scil.
842 2788 893 2834 in
916 2788 1211 2847 Sardiniam;
1228 2789 1378 2836 Tacit.
1395 2825 1407 2847 ,
1432 2791 1461 2837 l.
1493 2806 1531 2835 c.
1564 2805 1574 2834 :
1600 2809 1619 2830 α
1638 2790 1698 2836 Et
1721 2789 1761 2835 si
1785 2790 1850 2836 ob
1882 2805 1997 2853 gra-

244 2865 436 2912 vitatem
460 2866 568 2912 coeli
592 2866 884 2925 interissent,
915 2866 1007 2913 vile
1033 2868 1312 2914 damnum.»

310 2943 697 2992 Mathematicos.
724 2946 783 2991 A.
808 2946 868 2992 U.
897 2945 1008 3008 769.
1035 2945 1186 2994 Tacit.
1221 2946 1300 2992 ub.
1336 2961 1470 3007 sup.,
1503 2945 1564 2991 32
1603 2964 1614 2992 ε
1649 2967 1667 2986 α
1687 2949 1827 2994 Facta
1862 2955 1908 2992 et
1936 2946 1997 2991 de

242 3021 582 3069 mathematicis
604 3022 850 3086 magisque
878 3024 1013 3072 Italia
1035 3024 1269 3087 pellendis
1296 3032 1486 3071 senatus
1510 3026 1741 3071 consulta.
1761 3045 1780 3066 υ

308 3109 421 3155 Cn.
447 3110 706 3157 XXXVII.
735 3110 1099 3160 continerentur.
1125 3116 1180 3160 A.
1210 3115 1268 3161 U.
1296 3113 1408 3173 776.
1430 3113 1580 3160 Tacit.
1598 3149 1611 3172 ,
1646 3115 1770 3159 Arm.
1787 3146 1807 3168 ,
1830 3128 1898 3171 iv,
1925 3127 1951 3156 ι».
1980 3130 1991 3157 :

242 3184 391 3231 «vim
413 3186 727 3247 praefecturae,
751 3188 988 3235 modicam
1008 3199 1171 3250 antea,
1199 3190 1428 3249 intendit,
1453 3190 1689 3251 dispersas
1707 3205 1796 3251 per
1809 3189 1994 3236 Urbem

242 3262 461 3310 cohortes
484 3279 580 3311 una
632 3263 680 3311 in
727 3274 879 3312 castra
918 3267 1271 3326 conducendo;
1308 3277 1361 3315 ut
1386 3267 1524 3315 simul
1571 3267 1773 3329 imperia
1804 3267 1993 3328 accipe-
