2372 3918
844 260 893 306 C.
931 258 1149 305 IULIUS
1182 258 1406 304 CAESAR.
1914 258 1973 304 23

273 387 366 443 per
397 364 606 439 libellos
632 365 833 422 circum
863 363 1036 421 tribus
1064 363 1254 420 missos
1289 362 1560 440 scriptura
1585 363 1738 421 brevi
1766 384 1779 420 ε
1810 387 1838 416 α
1863 364 1976 421 Cae-

270 486 358 522 sar
397 465 651 522 Dictator
691 460 772 519 illi
817 462 1001 519 tribui.
1046 461 1386 521 Commendo
1425 461 1581 518 vobis
1621 460 1776 519 illum
1817 474 1873 519 et
1916 461 1977 519 ii·

270 564 407 635 lum,
435 576 498 622 ut
520 575 702 621 vestro
731 562 991 641 suffragio
1018 583 1172 620 suam
1204 562 1527 641 dignitatem
1553 572 1831 627 teneant.»
1871 560 1977 618 Ad-

269 666 416 723 misit
449 663 519 722 ad
559 663 794 721 honores
828 675 883 720 et
925 665 1361 741 proscriptorum
1399 660 1616 719 liberos.
1653 659 1870 717 Judicia
1905 659 1975 716 ad

270 765 380 828 duo
407 784 606 842 genera
637 762 889 841 judicum
917 764 1161 842 redegit,
1190 764 1458 842 equestris
1492 762 1699 820 ordinis
1735 782 1798 819 ac
1830 782 1978 818 sena-

270 865 396 920 torii
440 885 453 919 :
497 863 745 920 tribunos
784 864 1001 921 aerarios
1020 906 1036 935 ,
1081 864 1230 942 quod
1276 876 1394 921 erat
1438 864 1690 936 tertium,
1734 859 1973 919 sustulit.

267 966 571 1021 Recensum
602 963 824 1042 populi,
858 984 958 1020 nec
990 984 1143 1020 more
1161 1007 1177 1037 ,
1206 984 1307 1021 nec
1334 962 1456 1021 loco
1483 961 1677 1035 solit0,
1707 961 1802 1019 sed
1834 960 1978 1017 vica·

269 1063 366 1119 tim
395 1083 493 1140 per
521 1062 771 1120 dominos
805 1062 1108 1120 insularum
1140 1064 1253 1142 egit
1285 1084 1298 1119 :
1331 1075 1496 1140 atque
1538 1083 1604 1119 ex
1637 1061 1833 1140 viginti
1863 1072 1977 1116 tre-

268 1164 550 1240 centisque
583 1160 826 1220 millibus
861 1166 1246 1242 accipientium
1284 1163 1621 1221 frumentum
1659 1182 1690 1218 e
1718 1159 1977 1239 publicO,

267 1261 337 1317 ad
367 1274 586 1319 centum
617 1264 1013 1342 quinquaginta
1040 1265 1281 1322 retraxit.
1314 1267 1393 1322 Ac
1417 1284 1487 1320 ne
1514 1264 1608 1340 qui
1642 1264 1769 1319 novi
1808 1272 1978 1318 coetus

268 1362 599 1419 recensionis
633 1383 797 1419 causa
835 1365 1043 1420 moveri
1069 1364 1399 1442 quandoque
1429 1375 1677 1442 possent,
1707 1361 1979 1432 instituit,

268 1463 562 1536 quotannis
605 1462 660 1516 in
699 1462 1114 1520 demortuorum
1151 1463 1332 1520 locum
1365 1444 1431 1520 ex
1476 1464 1566 1536 iis,
1597 1463 1693 1539 qui
1725 1460 1980 1518 recensiti

270 1581 383 1616 non
418 1573 619 1633 essent,
657 1563 975 1618 subsortitio
1007 1584 1038 1619 a
1070 1576 1301 1639 praetore
1330 1564 1500 1620 fieret.

345 1662 521 1716 XLII.
563 1661 858 1738 Octoginta
892 1672 1075 1716 autem
1105 1661 1308 1717 civium
1345 1661 1585 1719 millibus
1624 1664 1681 1717 in
1710 1673 1980 1719 transma-

267 1758 414 1814 rinas
461 1758 701 1815 colonias
755 1759 1097 1833 distributis,
1138 1772 1201 1817 ut
1247 1760 1519 1819 exhaustae
1559 1780 1780 1838 quoque
1828 1760 1979 1816 urbis

268 1855 576 1933 frequentia
619 1871 958 1936 suppeteret,
994 1861 1198 1932 sanxit,
1239 1881 1308 1917 ne
1336 1861 1457 1938 quis
1490 1861 1624 1917 civis
1667 1860 1843 1936 major
1882 1879 1979 1916 an·

269 1957 352 2012 nis
383 1958 615 2035 viginti,
646 1959 890 2015 minorve
921 1958 1284 2037 quadraginta
1302 2002 1318 2032 ,
1347 1961 1443 2037 qui
1484 1971 1825 2016 sacramento
1864 1978 1977 2015 non

270 2068 566 2132 teneretur,
609 2057 732 2136 plus
775 2059 1012 2116 triennio
1046 2060 1310 2118 continuo
1353 2059 1512 2116 Italia
1555 2059 1765 2118 abesset
1811 2078 1824 2113 τ
1869 2078 1979 2114 neu

270 2159 391 2233 quis
432 2161 697 2216 senatoris
735 2158 907 2231 filius,
938 2161 1044 2217 nisi
1077 2158 1487 2217 contubernalis
1527 2172 1623 2217 aut
1656 2179 1838 2216 comes
1873 2178 1983 2214 ma-

270 2257 558 2334 gistratus,
585 2279 811 2338 peregre
847 2260 1290 2338 proficisceretur
1319 2281 1331 2317 :
1360 2281 1497 2317 neve
1526 2260 1610 2332 hi,
1641 2260 1736 2336 qui
1777 2278 1979 2336 pecua-

268 2357 407 2413 riam
438 2357 702 2432 facerent,
724 2361 905 2417 minus
934 2362 1093 2418 tertia
1121 2372 1276 2438 parte
1304 2361 1577 2439 puberum
1607 2362 1980 2438 ingenuorum

269 2456 412 2513 inter
453 2470 717 2535 pastores
740 2459 1019 2516 haberent.
1064 2463 1397 2537 Omnesque
1422 2460 1755 2517 medicinam
1791 2462 1982 2517 Romae

271 2556 564 2631 profeSSOS,
593 2571 649 2615 et
678 2558 987 2618 liberalium
1027 2562 1230 2618 artium
1269 2559 1518 2617 doctores
1536 2603 1551 2631 ,
1578 2580 1690 2636 quo
1723 2558 1982 2616 libentius

269 2666 323 2710 et
355 2655 459 2731 ipsi
494 2657 686 2714 urbem
718 2658 1042 2732 incolerent,
1078 2673 1133 2717 et
1166 2660 1327 2717 ceteri
1374 2671 1727 2738 appeterent,
1763 2658 1982 2715 civitate

269 2752 509 2812 donavit.
540 2758 624 2813 De
652 2759 902 2832 pecuniis
936 2760 1172 2829 mutuis,
1201 2759 1429 2837 disjecta
1461 2779 1728 2816 novarum
1765 2755 1980 2814 tabula·

269 2872 394 2908 rum
445 2856 848 2930 exspectatione
868 2897 883 2926 ,
939 2877 1060 2932 quae
1107 2858 1303 2915 crebro
1349 2858 1694 2929 movebatur,
1745 2855 1981 2914 decrevit

271 2951 491 3007 tandem
510 2994 526 3025 ,
555 2964 616 3008 ut
646 2952 918 3010 debitores
945 2954 1306 3013 creditoribus
1334 2957 1703 3015 satisfacerent
1719 2996 1735 3028 ,
1763 2976 1863 3033 per
1889 2974 1983 3011 ωε-

269 3053 610 3110 timationem
651 3055 1085 3131 possessionum,
1128 3058 1319 3134 quanti
1365 3078 1609 3133 quasque
1653 3068 1779 3113 ante
1821 3052 1981 3112 civile

270 3150 474 3209 bellum
518 3167 956 3230 comparassent,
1002 3155 1238 3213 deducto
1285 3177 1511 3214 summae
1550 3158 1671 3214 teris
1714 3154 1904 3229 alieni,
1937 3155 1980 3211 si

271 3251 402 3326 quid
443 3273 622 3309 usurae
666 3255 885 3311 nomine
915 3269 1293 3329 numeratum,
1324 3271 1417 3314 aut
1452 3259 1814 3334 perscriptum
1851 3255 1983 3312 fuis·
