2372 3918
1040 213 1232 260 OTHO.
1966 233 1988 261 2
2005 235 2019 263 1

283 318 893 397 appropinquantibus,
934 317 1181 373 animum
1233 315 1506 394 fidemque
1559 322 2018 395 praetoriauorum

284 440 415 498 erga
445 441 502 477 se
536 440 692 498 paene
727 417 1106 476 internecione
1144 415 1469 494 amplissimi
1503 418 1717 476 ordinis
1763 436 2026 499 expertus

282 532 381 577 est.
411 522 482 578 Et
511 519 796 599 placuerat
827 538 928 596 per
960 515 1271 574 classiarios
1296 538 1450 574 arma
1478 520 1761 576 transferri
1785 566 1799 591 ‚
1840 524 2026 579 remit·

284 621 438 698 tique
478 621 729 678 navibus.
763 622 844 676 Ea
877 638 1052 696 quum
1091 619 1147 673 in
1181 618 1374 676 castris
1409 618 1512 675 sub
1551 631 1767 676 noctem
1799 643 2020 699 prome-

283 733 496 790 rentur,
535 719 760 778 insidias
803 699 1030 797 quidam
1068 719 1362 797 suspicati,
1402 717 1705 777 tumultum
1747 723 2020 799 excitave-

284 834 416 879 runt
447 843 461 878 ε
489 842 554 879 ac
581 832 809 898 repente
833 840 1054 890 omneS‚
1082 818 1237 876 nullo
1271 832 1426 877 certo
1458 819 1629 893 duce,
1664 822 1720 876 in
1751 820 2024 879 Palatium

282 933 686 993 cucurrerunt,
726 920 929 977 caedem
984 932 1204 977 senatus
1246 920 1557 999 flagitantes
1611 943 1624 977 ε
1678 921 2024 1001 repulsisque

283 1023 670 1094 tribunorum,
699 1023 795 1100 qui
831 1022 1081 1080 inhibere
1105 1022 1429 1095 tentabant,
1473 1021 1758 1080 nonnullis
1791 1026 2022 1082 et'occi·

280 1126 379 1197 εἰς,
409 1124 549 1181 sicut
578 1135 737 1181 erant
757 1124 1012 1196 cruenti,
1036 1123 1265 1181 ubinam
1293 1125 1599 1202 imperator
1632 1137 1804 1198 esset,
1841 1129 2030 1205 requi·

279 1220 494 1299 renteS,
523 1239 905 1305 perruperunt
947 1227 1004 1282 in
1046 1224 1351 1288 triclinium
1383 1247 1588 1305 usque,
1637 1249 1740 1289 nec
1770 1230 1875 1286 nisi
1908 1230 2027 1286 viso

280 1325 627 1383 destiterunt.
672 1326 1097 1405 Expeditionem
1131 1339 1317 1384 autem
1364 1328 1597 1406 impigre
1649 1340 1815 1406 atque
1857 1331 2025 1387 etiam

282 1448 632 1506 praepropere
668 1428 982 1500 inchoavit,
1029 1426 1210 1501 nulla,
1259 1450 1329 1485 ne
1375 1428 1708 1508 religionum
1764 1431 1990 1508 quidem
2010 1477 2026 1505 ,

282 1549 415 1586 cura
434 1573 450 1600 ‚
479 1528 574 1586 sed
605 1542 661 1587 et
690 1530 855 1587 motis
882 1529 1121 1589 necdum
1141 1529 1379 1588 conditis
1401 1530 1674 1590 ancilibus
1693 1576 1707 1605 ,
1741 1531 1895 1610 quod
1926 1553 2028 1590 an-

282 1630 515 1707 tiquitus
546 1630 851 1692 infaustum
889 1630 1160 1702 habetur3
1193 1643 1247 1688 et
1288 1631 1408 1704 die,
1439 1653 1552 1710 quo
1583 1631 1823 1691 cultores
1867 1634 2033 1691 deum

280 1733 474 1789 matris
502 1731 794 1793 lamentari
820 1744 877 1790 et
903 1732 1168 1812 plangere
1197 1712 1518 1811 incipiunt3
1548 1748 1816 1813 praeterea
1836 1737 2033 1794 adver-

279 1834 507 1890 sissimis
535 1835 813 1913 auspiciis.
840 1836 985 1895 Nam
1017 1846 1072 1891 et
1100 1835 1327 1896 victima
1347 1835 1475 1896 Diti„
1492 1837 1637 1914 patri
1662 1858 1801 1894 caesa
1822 1835 2029 1906 litavit;

279 1955 454 2012 quum
475 1933 571 1991 tali
599 1934 867 1996 sacrificio
892 1936 1174 1996 contraria
1196 1947 1318 1994 exta
1344 1937 1565 2014 potiora
1592 1937 1719 1993 sint.
1746 1940 1820 1995 Et
1844 1940 2026 2017 primo

277 2057 501 2116 egressu
523 2036 982 2095 inundationibus
1002 2036 1217 2094 Tiberis
1243 2036 1584 2108 retardatus,
1607 2037 1676 2094 ad
1706 2039 2029 2097 vicesimum

279 2138 445 2194 etiam
495 2136 733 2215 lapidem
779 2139 938 2194 ruina
979 2136 1342 2195 aedificiorum
1383 2137 1708 2215 praeclusam
1761 2140 2032 2198 viamof·

280 2238 474 2296 fendit.

366 2340 678 2399 lx.-.simili
711 2343 1020 2400 temeritate
1038 2385 1054 2413 ,
1082 2343 1338 2419 quamvis
1363 2342 1595 2400 dubium
1624 2345 1834 2400 nemini
1861 2357 2033 2414 esset,

285 2443 421 2519 quin
444 2442 591 2498 trahi
615 2441 821 2499 bellum
850 2455 1162 2520 oporteret,
1188 2443 1415 2521 quando
1441 2456 1496 2501 et
1517 2444 1661 2501 fame
1685 2457 1739 2501 et
1764 2443 2033 2523 angustiis

282 2541 536 2600 locorum
563 2555 856 2621 urgeretur
875 2544 1047 2600 hostis
1061 2586 1075 2615 ‚
1095 2564 1262 2621 quam
1283 2545 1528 2622 primum
1547 2557 1734 2602 tamen
1752 2544 2035 2602 decertare

283 2644 478 2701 statuit
507 2665 522 2701 ε
550 2644 663 2700 sive
697 2646 989 2722 impatiens
1025 2643 1291 2725 longioris
1323 2644 1712 2703 sollicitudinis
1732 2690 1747 2719 ,
1781 2666 2035 2724 sperans-

289 2766 399 2823 que
435 2751 564 2802 a'nte
596 2742 806 2802 Vitellii
841 2745 1141 2806 adventum
1179 2745 1463 2825 profligari
1497 2745 1800 2826 plurimum
1837 2768 2033 2825 posse.;

286 2848 403 2904 sive
430 2848 610 2925 impar
636 2846 875 2907 militum
905 2848 1124 2922 ardori,
1152 2869 1400 2931 pugnam
1429 2848 1866 2927 deposcentium.
1917 2850 2036 2906 Nec

288 2947 386 3006 ulli
417 2968 620 3027 pugnae
649 2947 856 3018 adfuit,
903 2949 1256 3028 substititque
1298 2948 1539 3007 Brixelli.
1578 2953 1649 3007 Et
1681 2951 1860 3008 tribus
1907 2951 2035 3027 qui-

287 3049 443 3124 dem,
471 3070 663 3106 verum
689 3048 1061 3110 mediocribus
1093 3050 1326 3129 proeliis,
1360 3049 1512 3129 apud
1547 3050 1742 3129 AlpeS‚
1778 3052 2034 3128 circaque

283 3151 653 3225 Placentiam,
679 3153 825 3210 etad
851 3154 1121 3228 CastoriS,
1152 3153 1303 3232 quod
1336 3153 1459 3211 loco
1490 3174 1693 3210 nomen
1731 3165 1838 3222 est,
1871 3153 2033 3210 vicit:

290 3255 967 3332 novissimo'maximoque
995 3254 1142 3333 apud
1173 3257 1487 3313 Betriacum
1514 3255 1708 3312 fraude
1736 3266 2030 3333 superatus
