2372 3918
1025 251 1226 298 TITUS.
1943 254 1967 300 5
1978 255 2001 302 3

259 362 417 434 culo,
446 362 580 419 dum
607 359 673 416 de
700 357 1053 436 navigatione
1076 354 1347 424 consulit,
1378 356 1546 413 etiam
1577 355 1646 413 de
1670 357 1883 435 imperii
1912 379 2009 436 spe
2043 369 2045 371 ’

262 463 621 522 confirmatus
651 471 751 517 est.
781 457 958 536 Cujus
992 455 1146 513 brevi
1179 476 1409 533 compos
1430 499 1446 528 ,
1477 469 1534 512 et
1563 455 1632 513 ad
1669 457 2003 535 perdoman-

259 566 387 624 dam
408 567 439 622 J
444 563 654 622 udaeam
678 558 902 619 relictus
918 602 933 630 ,
966 559 1265 615 novissima
1287 556 1802 636 Hierosolymorum
1830 581 2010 639 oppu-

261 667 555 746 gnatione,
581 684 667 722 111
694 672 1140 741 propugnatores
1166 659 1399 717 totidem
1416 661 1745 739 sagittarum
1765 662 2005 719 confecit

261 767 492 838 ictibus;
539 764 795 842 cepitque
832 781 954 818 eam
995 759 1164 817 natali
1210 759 1333 817 filiae
1370 781 1515 832 suae,
1561 773 1718 818 tanto
1756 760 1997 819 militum

258 866 462 948 gaudio
489 886 552 923 ac
581 864 801 935 favore,
845 862 991 919 utin
1028 860 1404 941 gratulatione
1447 863 1840 940 imperatorem
1878 884 2006 920 eum

257 965 759 1037 consalutaverint,
793 964 849 1020 et
877 963 1115 1020 subinde
1145 962 1501 1020 decedentem
1537 964 1825 1041 provincia
1858 964 2000 1021 deti-

259 1069 510 1135 nuerint,
544 1063 886 1144 suppliciter,
918 1086 1020 1122 nec
1051 1085 1164 1122 non
1198 1077 1254 1122 et
1286 1066 1581 1122 minaciter
1608 1064 1974 1143 efflagitantes
1993 1110 2009 1134 ,

256 1195 283 1223 α
304 1182 402 1228 aut
425 1181 765 1241 remaneret,
802 1179 898 1224 aut
937 1187 1127 1224 secum
1171 1188 1364 1224 omnes
1401 1168 1611 1246 pariter
1642 1165 1961 1224 abduceret.
1986 1193 2013 1221 ι)

259 1270 423 1328 Unde
446 1282 574 1327 nata
598 1270 841 1347 suspicio
867 1280 980 1341 est,
1004 1269 1163 1346 quasi
1195 1268 1501 1325 desciscere
1528 1289 1558 1324 a
1587 1280 1743 1345 patre
1761 1311 1775 1340 ,
1807 1270 2011 1326 Orien-

257 1373 436 1450 tisque
464 1391 699 1449 regnum
726 1371 830 1426 sibi
866 1369 1150 1427 vindicare
1181 1382 1464 1427 tentasset.
1498 1371 1689 1443 Quam
1727 1370 2003 1447 suspicio-

257 1493 383 1529 nem
430 1472 613 1543 auxit,
659 1483 956 1550 postquam
1001 1469 1394 1529 Alexandriam
1443 1483 1664 1549 petenS,
1715 1473 1772 1527 in
1813 1492 2007 1529 conse-

257 1572 465 1631 crando
493 1572 643 1652 apud
677 1573 982 1650 Memphim
1023 1573 1165 1629 bove
1196 1574 1300 1652 Api
1335 1572 1591 1662 diadema
1620 1575 1856 1652 gestavit
1893 1595 1905 1631 ε
1938 1572 2009 1630 de

258 1695 409 1731 more
429 1673 654 1752 quidem
676 1675 900 1752 rituque
927 1675 1119 1753 priscae
1136 1672 1452 1752 religionis;
1488 1674 1583 1732 sed
1606 1696 1720 1732 non
1746 1675 2009 1748 deerant,

256 1777 351 1852 qui
378 1796 535 1832 secus
567 1776 1084 1853 interpretarentur.
1120 1777 1311 1850 Quare
1354 1775 1621 1834 festinans
1660 1778 1717 1833 in
1757 1775 2011 1849 Italiam,

254 1896 424 1952 quum
458 1876 739 1955 Rhegium
762 1921 778 1946 ,
812 1875 941 1933 dein
978 1875 1275 1951 Puteolos,
1302 1878 1558 1935 oneraria
1591 1899 1731 1935 nave
1761 1876 2012 1956 appulis-

253 1987 367 2046 set,
415 1979 653 2034 Romam
687 1977 816 2035 inde
857 1977 1145 2036 contendit
1172 1978 1620 2059 expeditissimus
1660 1981 2011 2058 inopinanti·

254 2098 360 2156 que
398 2079 579 2157 patri,
613 2077 766 2135 velut
802 2099 1043 2158 arguens
1075 2101 1367 2138 rumorum
1403 2080 1471 2139 de
1505 2103 1561 2138 se
1594 2083 1969 2139 temeritatem
2000 2105 2009 2138 :

254 2204 280 2230 «
307 2180 481 2251 Veni,
499 2203 526 2233 ι)
559 2180 741 2256 inquit
759 2223 774 2252 ,
807 2204 834 2232 «
852 2193 1030 2257 pater,
1064 2183 1207 2239 veni.
1228 2206 1255 2235 n

334 2282 431 2337 VI.
452 2280 649 2358 Neque
668 2301 737 2337 ex
756 2301 822 2337 eo
843 2280 1079 2354 destitit,
1107 2284 1436 2362 participem
1464 2297 1634 2362 atque
1658 2286 1827 2342 etiam
1858 2298 2006 2342 tuto-

255 2400 370 2437 rem
404 2382 620 2459 imperii
655 2403 835 2460 agere.
874 2383 1267 2461 Triumphavit
1300 2406 1428 2442 cum
1467 2399 1652 2464 patre,
1683 2408 2008 2445 censuram·

254 2502 363 2560 que
388 2483 554 2560 gessit
579 2503 705 2540 una.
735 2483 931 2541 Eidem
963 2482 1178 2564 collega
1208 2497 1261 2541 et
1290 2487 1347 2542 in
1379 2487 1679 2544 tribunicia
1709 2499 2010 2566 potestate,

255 2597 309 2641 et
345 2585 400 2641 in
429 2597 639 2663 septem
669 2585 1050 2644 consulatibus
1087 2587 1210 2646 fuit.
1250 2591 1609 2668 Receptaque
1641 2590 1709 2647 ad
1743 2611 1800 2648 se
1831 2612 2010 2669 prope

254 2686 503 2743 omnium
524 2685 839 2745 officiorum
857 2710 988 2746 cura
1004 2733 1018 2762 ,
1037 2711 1212 2767 quum
1233 2692 1405 2769 patris
1427 2694 1653 2749 nomine
1669 2706 1725 2749 et
1745 2692 2009 2771 epistolas

255 2789 371 2866 ipse
397 2787 664 2861 dictaret,
690 2801 745 2846 et
768 2788 946 2847 edicta
972 2793 1376 2866 conscriberet,
1406 2794 1800 2872 orationesque
1832 2796 1886 2851 in
1932 2816 2012 2852 se-

256 2901 390 2946 natu
421 2888 677 2947 recitaret
707 2891 873 2946 etiam
906 2893 1196 2968 quaestoris
1235 2894 1378 2966 vice,
1420 2894 1810 2973 praefecturam
1870 2918 2009 2974 quo-

255 3010 363 3067 que
396 2990 640 3068 praetorii
672 2992 946 3070 suscepit,
983 3013 1272 3071 uunquam
1307 2994 1377 3052 ad
1415 2995 1470 3053 id
1506 3008 1719 3075 tempus
1747 3040 1761 3068 ,
1798 2999 1903 3055 nisi
1937 2998 2008 3056 ab

255 3091 440 3168 equite
471 3112 702 3149 romano
743 3092 1223 3170 administrata1n3
1269 3098 1492 3176 egitque
1534 3097 1823 3176 aliquanto
1866 3099 2008 3156 inci·

255 3194 419 3253 vilius
447 3208 501 3252 et
535 3195 1162 3276 violentius.'Siquidem
1198 3203 1674 3279 suspectissimum
1715 3222 1998 3279 quemque

259 3298 389 3372 sibi,
409 3301 712 3358 summissis
730 3344 744 3372 ,
776 3302 870 3377 qui
894 3321 991 3379 per
1016 3301 1231 3358 theatra
1258 3315 1312 3359 et
1333 3315 1510 3360 eastra
1542 3304 1699 3380 quasi
1734 3323 2006 3359 consensu
