2372 3918
456 326 544 379 ¹94
1122 318 1169 362 C.
1202 317 1490 364 SUETONII

454 424 581 495 bat,
607 441 668 478 ac
695 442 764 479 ne
795 423 878 482 his
907 421 1127 499 quidem
1158 419 1372 498 placida
1397 422 1608 498 quiete,
1639 405 1732 474 sed
1767 420 1963 496 pavida
2001 423 2150 476 miris

451 542 635 579 rerum
667 521 1029 600 imaginibus,
1072 533 1134 578 ut
1174 521 1269 597 qui
1311 521 1452 577 inter
1486 531 1723 591 ceteras»,
1763 516 1943 596 pelagi
1976 541 2151 597 quon-

451 621 576 684 dam
630 622 865 699 speciem
922 620 1321 698 colloquentem
1378 642 1561 677 secum
1618 619 1802 676 videre
1856 620 2005 676 visus
2063 621 2150 676 sit.

449 721 687 798 Ideoque
714 740 914 798 magna
948 731 1103 797 parte
1137 721 1310 777 noctis
1342 719 1539 798 vigiliae
1573 718 1920 796 cubandique
1952 719 2115 776 taedio
2134 764 2150 791 ,

450 841 596 877 nunc
648 833 769 876 toro
822 820 1061 876 residens
1088 863 1103 889 ‚
1161 841 1307 876 nunc
1359 841 1459 897 per
1514 818 1853 896 longissimas
1908 820 2151 896 porticus

450 940 619 997 vagus
649 962 664 992 ,
718 920 974 976 invocare
1031 918 1328 975 identidem
1380 931 1541 996 atque
1603 930 1913 995 exspectare
1976 917 2151 976 lucem

449 1032 755 1077 consuerat.

529 1123 621 1176 LI.
657 1121 783 1178 Non
817 1120 1087 1176 immerito
1122 1119 1317 1175 mentis
1352 1117 1647 1175 valetudini
1686 1118 2027 1175 attribuerim
2068 1117 2150 1173 di·-

448 1220 754 1278 versissima
794 1219 850 1275 in
890 1219 1081 1275 eodem
1115 1218 1283 1290 vitia,
1323 1238 1592 1274 summam
1634 1217 2053 1290 confidentiam,
2099 1230 2153 1272 et

449 1330 642 1375 contra
669 1318 900 1374 nimium
928 1331 1150 1374 metum.
1178 1319 1320 1373 Nam
1351 1319 1446 1394 qui
1475 1317 1603 1373 deos
1634 1328 1787 1372 tanto
1818 1337 1983 1393 opere
2022 1338 2152 1372 con-

448 1430 751 1488 temneret,
794 1417 864 1473 ad
908 1418 1136 1473 minima
1178 1417 1425 1473 tonitrua
1467 1429 1521 1471 et
1562 1414 1780 1492 fulgura
1824 1417 2152 1485 connivere,

448 1528 613 1593 caput
647 1514 971 1588 obvolvere,
1000 1515 1068 1571 ad
1097 1536 1227 1571 vero
1259 1516 1467 1591 majora
1499 1515 1779 1591 proripere
1809 1534 1865 1569 se
1895 1534 1926 1569 e
1954 1526 2154 1586 strat0,

449 1615 551 1671 sub
587 1614 893 1691 lectumque
928 1614 1165 1670 condere
1203 1611 1427 1670 solebat.
1458 1614 1900 1690 Peregrinatione
1931 1613 2152 1690 quidem

448 1713 729 1786 siciliensi,
762 1715 931 1770 irrisis
968 1713 1278 1770 multorum
1311 1712 1560 1794 locorum
1591 1711 1897 1784 miraculis,
1927 1726 2152 1790 repente

448 1835 479 1870 a
519 1817 777 1873 Messana
830 1825 998 1869 noctu
1045 1812 1290 1891 profugit
1318 1855 1334 1883 ,
1386 1812 1575 1868 AEtnaei
1617 1813 1835 1869 verticis
1890 1812 2042 1868 fumo
2093 1834 2156 1869 ac

450 1934 733 1970 murmure
766 1913 1094 1991 pavefactus.
1124 1913 1403 1969 Adversus
1437 1912 1698 1968 barbaros
1732 1934 1953 1990 quoque
1982 1915 2155 1969 mina-

448 2014 725 2084 cissimuS,
756 2034 927 2089 quum
955 2025 1108 2069 trans
1132 2013 1385 2069 Rhenum
1418 2013 1561 2068 inter
1591 2014 1870 2090 angustias
1902 2013 2155 2070 densum-

448 2134 556 2189 que
589 2134 784 2191 agmen
817 2113 919 2168 iter
958 2111 1146 2186 essedo
1179 2113 1411 2183 faceret,
1442 2111 1654 2168 dicente
1681 2111 1918 2188 quodam
1938 2156 1953 2184 ,
1988 2138 2016 2166 α
2041 2134 2154 2168 non

448 2212 775 2279 mediocrem
816 2212 933 2268 fore
973 2213 1466 2268 consternationem
1487 2256 1502 2282 ,
1535 2210 1757 2267 sicunde
1787 2212 1959 2268 hostis
1988 2233 2156 2289 appa-

445 2324 644 2385 reatr»
676 2333 880 2388 equum
902 2311 1047 2368 illico
1072 2312 1422 2385 conscendit3
1450 2332 1513 2367 ac
1541 2332 1772 2388 propere
1811 2333 2057 2369 reversus
2085 2313 2155 2368 ad

448 2424 670 2489 ponteS,
699 2425 762 2468 ut
791 2434 883 2469 eos
910 2411 1194 2469 calonibus
1225 2424 1278 2469 et
1305 2412 1706 2489 impedimentis
1739 2413 1970 2488 stipatos
1999 2434 2153 2490 repe-

447 2512 521 2567 rit
538 2555 553 2581 ,
579 2496 868 2588 impatiens
896 2533 1064 2568 morae
1082 2555 1097 2585 ,
1128 2533 1227 2589 per
1257 2532 1451 2567 manus
1481 2531 1544 2566 ac
1571 2531 1738 2587 super
1766 2512 1942 2587 capita
1975 2512 2155 2568 homi-

447 2631 580 2666 num
616 2611 906 2667 translatus
937 2623 1035 2668 est.
1071 2614 1204 2666 Mox
1230 2611 1392 2666 etiam
1412 2652 1426 2681 ,
1460 2609 1644 2666 audita
1677 2610 1975 2667 rebellione
2013 2614 2154 2668 Ger-

447 2709 670 2778 maniae,
697 2710 881 2786 fugam
916 2722 969 2766 et
995 2710 1234 2766 subsidia
1263 2710 1433 2788 fugae,
1458 2709 1649 2766 classes
1680 2713 2008 2788 apparabat3
2042 2734 2152 2768 uno

447 2807 641 2864 solatio
666 2810 1043 2884 acquiescenS,
1069 2811 1456 2866 transmarinas
1482 2823 1627 2867 certe
1651 2811 1752 2866 sibi
1779 2811 2153 2887 superfuturas

447 2909 790 2985 provinciaS,
831 2910 876 2966 si
922 2910 1155 2966 victores
1195 2908 1419 2987 Alpium
1456 2911 1624 2987 juga,
1672 2923 1733 2966 ut
1773 2911 2020 2982 Cimbri,
2066 2909 2150 2965 vel

445 3008 611 3064 etiam
635 3008 872 3082 Urbem,
908 3022 970 3066 ut
1000 3013 1252 3067 Senones
1273 3008 1576 3085 quondam,
1609 3021 1973 3086 occuparent:
2005 3008 2151 3064 unde

445 3107 639 3179 credo,
669 3110 1080 3186 percussoribus
1109 3111 1225 3186 ejus
1256 3123 1439 3186 postea
1466 3109 1754 3166 consilium
1782 3122 1971 3165 natum
2002 3108 2150 3185 apud

446 3207 844 3265 tumultuantes
874 3208 1071 3265 milites
1103 3208 1465 3282 ementiendi,
1504 3211 1679 3286 ipsum
1718 3209 1819 3265 sibi
1848 3228 2040 3264 manus
2069 3209 2151 3263 in-

444 3305 660 3378 tulisse,
690 3310 894 3365 nuncio
926 3307 1077 3364 malae
1107 3329 1302 3385 pugnae
1331 3311 1696 3385 perterritum.
1979 3299 1982 3302 Α
