2372 3918
411 326 503 356 202
1190 306 1380 353 NOTAE

476 405 902 466 Epigrammatum.
928 401 1144 450 Meminit
1165 402 1344 449 Plinius
1366 400 1769 464 Epigrammatum
1786 415 1980 447 suorum
1994 401 2131 447 lasci-

412 483 530 528 viam
554 489 886 539 excusaturus,
919 482 1071 543 Epist.
1094 496 1147 538 v,
1175 480 1219 525 3.

476 559 760 604 Incubuisse.
792 558 923 604 Idem
954 567 1115 602 narrat
1144 557 1382 615 Macrob.,
1416 571 1462 613 1,
1493 562 1536 611 4.

473 636 582 681 Cu».
611 637 880 682 LXXXVI.
924 634 1194 680 Foeton‘buS.
1235 632 1360 691 Quia
1388 633 1525 680 nimis
1563 635 1776 681 abstrusa
1809 633 1954 679 verba
1994 632 2133 677 situm

407 727 592 773 sapere,
615 720 661 758 et
685 714 749 759 ob
773 712 823 758 id
846 712 1053 773 graviter
1076 713 1207 757 olere
1238 710 1473 757 videntur.

476 788 738 835 Cacozelos.
773 788 971 847 Quintil.
987 822 1000 845 ‚
1025 803 1152 846 vxu,
1180 788 1207 833 3
1238 804 1249 832 ε
1275 807 1294 829 «
1324 796 1558 846 Καχόζηλον
1577 797 1776 834 vocatur
1798 786 2037 848 quidquid
2065 795 2134 831 est

404 867 528 911 ultra
559 865 806 924 virtutem,
835 865 1022 926 quoties
1056 863 1296 926 ingenium
1331 864 1514 924 judicio
1548 873 1701 924 caret,
1734 873 1780 910 et
1817 863 1970 925 specie
2018 862 2135 908 boni

405 942 581 988 fallitur
606 959 616 987 :
643 941 855 988 omnium
876 941 924 986 in
949 941 1220 1002 eloquentia
1243 941 1470 1005 vitiorum
1500 942 1765 1003 pessimum.
1796 961 1815 982 ¹>

474 1020 790 1081 Antiquarim.
824 1018 920 1076 Qui
956 1018 1140 1079 priscus
1173 1026 1221 1063 et
1256 1017 1352 1078 jam
1376 1007 1472 1064 'diu
1507 1019 1741 1066 obsoletas
1775 1034 1916 1065 voces
1953 1015 2135 1062 curiose

406 1096 749 1142 consectantur.
775 1096 1012 1154 Juvenal„
1035 1111 1113 1152 v1‚
1139 1093 1232 1150 454
1262 1112 1271 1139 :

580 1229 817 1281 Ignotosque
839 1227 939 1268 mihi
958 1235 1069 1268 tenet
1085 1226 1310 1282 antiquaria
1323 1234 1479 1268 versus.

405 1351 474 1397 Cf.
500 1352 673 1408 Gan,
697 1366 742 1407 1,
773 1365 844 1396 10.

472 1428 800 1491 Maecenatem.
824 1428 898 1472 De
921 1441 1018 1488 quo
1049 1427 1239 1484 Senem,
1264 1427 1418 1487 Epist.
1446 1441 1560 1472 cxiv
1585 1443 1596 1471 ε
1630 1447 1649 1468 «
1677 1425 1840 1488 Magni
1861 1425 2039 1486 ingenii
2064 1425 2138 1469 vir

404 1504 583 1562 fuerat,
606 1503 645 1548 si
668 1502 787 1548 illud
813 1502 980 1564 egisset
1001 1503 1076 1548 via
1099 1502 1330 1560 rectiore,
1354 1501 1508 1548 sinon
1522 1503 1710 1549 vitasset
1733 1500 1954 1564 intelligi,
1978 1501 2016 1547 si
2038 1517 2138 1546 non

404 1580 543 1625 etiam
569 1579 783 1625 oratione
810 1556 1063 1646 dffllueret.
1094 1579 1289 1625 Videbis
1310 1579 1472 1640 itaque
1496 1580 1815 1642 eloquentiam
1838 1579 1959 1625 ebrii
1979 1578 2137 1623 homi-

404 1657 476 1702 nis
507 1657 790 1713 involutam,
823 1665 870 1702 et
894 1664 1125 1702 errantem
1140 1689 1153 1714 ,
1178 1664 1223 1701 et
1246 1656 1445 1702 lieen‘tiae
1468 1659 1671 1718 plenam.
1692 1677 1712 1698 »

470 1734 650 1778 Im'det.
675 1734 915 1790 Macrob.,
940 1749 1008 1791 11,
1038 1737 1064 1786 4
1096 1749 1107 1777 :
1143 1734 1473 1795 “Augustus.ss.
1499 1734 1549 1779 in
1573 1734 1772 1794 epistola
1805 1732 1867 1777 ad
1898 1733 2135 1776 Maecena-

404 1819 497 1854 tem
522 1809 738 1855 familiari
761 1812 902 1869 plura
937 1808 987 1853 in
1006 1810 1143 1868 jocos
1171 1809 1350 1861 effusus
1388 1810 1632 1856 subtexuit
1658 1827 1670 1856 ε
1713 1811 1856 1863 Vale,
1889 1810 1984 1853 mel
1999 1823 2136 1868 gemn

405 1902 557 1931 meum
593 1887 845 1932 Medullia?
860 1919 875 1941 ,
922 1887 1036 1931 ebur
1070 1901 1133 1930 ex
1171 1887 1416 1943 Hetruria,
1460 1890 1591 1933 laser
1628 1888 1895 1941 Aemilium,
1934 1885 2137 1929 adamas

405 1979 659 2024 supernas,
703 1964 965 2008 Tiberinum
1002 1963 1310 2023 margaritum
1325 1996 1339 2017 ,
1379 1963 1634 2010 Cilniorum
1667 1964 1946 2024 smaragde,
1972 1961 2137 2022 jaspis

400 2041 673 2101 figulorum,
700 2041 876 2100 berylle
909 2041 1195 2094 Porsennae,
1232 2040 1563 2086 carbunculum
1589 2043 1770 2086 Italioe.
1790 2061 1810 2082 υ
1996 2089 2010 2098 ,

476 2119 743 2162 Antonium.
773 2119 830 2162 In
852 2132 996 2177 quem
1020 2116 1115 2163 Cic.
1131 2151 1145 2175 ,
1171 2116 1384 2178 Philipp.
1415 2134 1500 2176 111,
1526 2133 1586 2163 22
1622 2134 1633 2162 ε
1667 2119 1875 2163 «Nonne
1904 2116 2047 2162 satius
2070 2124 2138 2161 est

407 2209 503 2238 esse
526 2203 709 2238 mutum
723 2228 736 2251 ,
761 2209 903 2254 quam
926 2192 1063 2254 loqui
1086 2208 1142 2238 ea
1164 2207 1270 2255 quae
1291 2209 1432 2239 nemo
1455 2192 1718 2256 intelligat?
1737 2214 1756 2234 ι»

460 2270 717 2314 Υ(Ιίιηόιηήε
741 2271 937 2314 Annius.
964 2270 1038 2314 De
1062 2269 1156 2314 hoc
1181 2269 1344 2326 Quint.
1363 2305 1375 2328 ,
1401 2286 1504 2332 vm
1521 2305 1534 2328 ‚
1560 2271 1586 2317 3
1613 2288 1626 2316 ε
1650 2290 1670 2311 «
1696 2269 1887 2315 Cimber
1916 2268 1994 2314 hic
2017 2269 2106 2314 fuit
2124 2305 2137 2326 ,

406 2361 431 2390 a
457 2362 555 2407 quo
581 2346 773 2390 fratrem
795 2354 1015 2390 necatum
1037 2345 1130 2390 hoc
1154 2346 1392 2392 Ciceronis
1417 2347 1545 2393 dicto
1569 2355 1788 2410 notatum
1810 2354 1879 2391 est
1903 2363 1914 2391 :
1942 2348 2139 2391 Germa-

404 2438 518 2467 num
549 2423 739 2468 Cimber
768 2423 955 2468 oeeidit.
982 2443 1002 2464 1>
1033 2423 1143 2468 Fuit
1167 2422 1245 2469 ille
1272 2417 1436 2469 rhetor
1459 2423 1767 2486 antiquarius.
1795 2423 1863 2468 Cf.
1889 2424 2050 2469 Hssvn.
2077 2423 2138 2468 ad

405 2499 564 2561 Virg„
595 2501 819 2545 catalect.
849 2515 905 2544 11.

427 2593 430 2595 ·
481 2577 705 2621 Veranius
721 2578 932 2620 Flaccus.
955 2577 1123 2621 Utrum
1144 2577 1378 2623 Veranius
1393 2578 1585 2624 Flaccus
1607 2594 1634 2623 a
1655 2578 1872 2624 Macrob.
1887 2613 1901 2636 ,
1921 2578 2131 2630 Satura„

408 2669 472 2698 111
490 2688 503 2711 ,
529 2670 580 2711 2,
597 2662 1019 2712 commemoratus,
1043 2669 1104 2698 an
1118 2651 1274 2699 veriu‘s
1286 2655 1481 2701 Flaccus
1502 2671 1529 2700 a
1543 2655 1725 2712 Gellio,
1751 2670 1857 2713 xv1,
1887 2661 1944 2710 14
1961 2662 2008 2700 et
2031 2670 2135 2699 xvir

407 2730 597 2788 citatus,
618 2732 666 2776 h.
698 2732 729 2775 1.
763 2731 1067 2776 scribendum
1088 2731 1148 2776 sit
1169 2732 1456 2794 ambiguum.

477 2809 736 2868 Excerpsit.
767 2811 869 2853 Imo
889 2810 1087 2868 juratus
1111 2821 1206 2864 est,
1234 2819 1356 2855 auct.
1383 2810 1581 2868 Quintil.
1602 2845 1616 2865 ‚
1639 2826 1755 2867 vm,
1782 2812 1809 2857 3
1835 2827 1846 2855 τ
1880 2812 2014 2857 «Nec
2043 2809 2134 2854 mi-

406 2901 496 2929 nus
518 2893 636 2930 noto
660 2885 909 2931 Sallustius
941 2887 1278 2950 epigrammate
1310 2888 1558 2934 incessitur
1583 2905 1594 2933 :

580 3020 630 3057 Et
650 3017 772 3058 verba
793 3018 950 3072 antiqui
969 3020 1139 3060 multum
1156 3005 1284 3060 furate
1304 3021 1467 3061 Catonis

635 3088 796 3142 Crispe,
816 3091 842 3129 J
846 3088 1067 3141 ugurthinae
1088 3089 1272 3131 conditor
1285 3089 1470 3131 historiae.

472 3217 803 3262 Asiaticorum.
844 3218 1149 3278 Quintilian„
1195 3235 1270 3264 ΧΠ
1292 3253 1304 3276 ,
1353 3235 1410 3264 10
1452 3236 1462 3263 z
1507 3240 1527 3260 α
1565 3219 1737 3266 Asiana
1775 3235 1887 3280 gens
1925 3218 2133 3263 timidior

407 3292 607 3352 alioqui,
643 3301 688 3338 et
711 3294 980 3353 jactantior,
998 3296 1189 3342 vaniore
1214 3297 1353 3343 etiam
1377 3296 1565 3342 dicendi
1595 3298 1746 3357 gloria
1780 3294 1944 3340 inflata
1967 3304 2051 3340 est.
2081 3315 2103 3334 ιο
