2372 3918
395 326 488 369 290
1160 307 1348 352 NOTAE

395 406 439 449 in
469 405 563 448 Tib.
583 438 595 458 ‚
623 420 742 461 xxv3
768 404 814 447 in
836 403 1033 456 othon„
1068 419 1198 459 v1113
1219 411 1264 446 et
1290 403 1337 445 in
1367 403 1505 461 Vesp.
1524 434 1535 454 ‚
1568 416 1630 443 v1.
1650 399 1972 444 Damnandum
1999 416 2109 462 ergo

395 482 527 543 quod
551 483 717 527 volunt
740 483 796 526 al.
827 481 1233 533 Germanicorum,
1258 495 1338 523 seu
1372 479 1723 524 Germanorum.

467 560 546 604 Ad
565 561 717 603 lacum
757 557 913 602 Curtii.
949 557 1024 601 Sic
1059 556 1232 608 Tacit.‚
1267 557 1294 599 l.
1323 570 1390 612 c.,
1412 563 1470 611 „et
1498 555 1752 610 Plutarch„
1784 554 1864 597 ub.
1900 568 2004 612 sup.
2043 555 2115 598 De

396 638 503 681 lacu
536 634 703 689 Curtii,
742 633 849 679 vide
883 649 1009 692 sup.,
1039 636 1185 692 Aug„
1214 647 1328 675 ινιτ.

464 712 620 756 inilcs.
650 711 723 756 Sc.
750 710 922 756 Fabius
947 712 981 755 F
984 711 1167 754 abulus.

465 789 548 833 Ad
569 786 809 832 Othonem.
835 787 1098 842 Plutarch„
1123 786 1153 829 l.
1181 800 1220 829 c.
1248 800 1258 828 :
1286 796 1364 839 Τῆς
1394 797 1566 847 κεφαλῆς
1589 790 1924 846 ἀνακομισθείσης
1945 790 2117 847 civemn.

390 873 478 929 γεῖν
502 872 703 929 λέγουσιν’
741 867 855 913 οὐδέν
883 873 969 912 ἐστι
998 875 1140 918 τοῦτο,
1175 865 1205 910 ὦ
1234 873 1557 925 συστρατιῶται,
1581 868 1651 913 τὴν
1676 866 1875 914 Πείσωνός
1898 882 1964 923 μοι
1981 882 2118 923 meoet·

395 950 464 994 λὴν
489 944 665 998 δείξατε.

466 1020 639 1063 AEtate.
677 1020 885 1078 Turpem
909 1015 1297 1078 significationem
1332 1015 1381 1059 in
1416 1016 1573 1059 (etatis
1612 1015 1848 1059 vocabulo
1884 1029 1981 1058 esse
2009 1028 2120 1072 per—

398 1109 587 1141 suasum
607 1096 776 1140 habeo.

464 1170 552 1224 ἑτι.
580 1175 645 1218 Ex
671 1174 861 1217 Homer.
881 1207 893 1227 ‚
919 1172 1087 1225 Iliad„
1116 1187 1161 1227 v,
1200 1169 1307 1225 254.

468 1250 689 1295 Patrobii.
716 1249 862 1293 Tacit.
879 1282 891 1305 ,
919 1249 948 1291 l.
976 1263 1038 1304 c.,
1067 1254 1126 1307 49
1163 1263 1174 1291 :
1212 1269 1230 1288 «
1252 1249 1404 1308 Caput
1438 1262 1523 1306 per
1546 1245 1664 1290 lixas
1700 1245 1979 1303 calonesque
2016 1241 2118 1287 suf-

400 1326 547 1372 fixum
577 1328 929 1384 laceratumque
962 1334 1070 1369 ante
1099 1324 1311 1378 Patrobii
1334 1325 1565 1368 tumulum
1594 1320 1812 1385 (libertus
1837 1320 1874 1365 is
1898 1318 2123 1377 Neronis,

401 1403 593 1462 punitus
617 1419 640 1446 a
667 1402 814 1446 Galba
838 1400 1010 1463 fuerat)
1034 1409 1220 1460 postera
1248 1400 1436 1446 demum
1461 1399 1537 1444 die
1554 1407 1795 1458 repertum
1810 1431 1823 1453 ‚
1850 1404 1895 1441 et
1919 1404 2122 1441 cremato

400 1479 490 1538 jam
517 1478 711 1538 corpori
741 1477 1001 1522 admixtum
1035 1485 1117 1522 est.
1134 1497 1154 1517 ι»

468 1557 754 1601 Redemtum.
792 1557 933 1599 Dono
966 1555 1126 1599 datum
1159 1554 1275 1598 dicit
1303 1553 1568 1610 Plutarch,
1599 1552 1681 1597 ub.
1712 1566 1843 1610 sup.,
1880 1566 1927 1610 p.
1960 1549 2083 1594 1066
2110 1564 2123 1593 ε

403 1641 482 1686 Τὴν
511 1636 561 1682 δὲ
588 1637 732 1682 Γάλὲα
753 1639 926 1695 κεφαλὴν
958 1639 1040 1686 τοῖς
1060 1635 1286 1694 Πατροῧίου
1317 1636 1386 1679 καὶ
1408 1636 1638 1687 Ουίτελλὶου
1667 1631 1820 1683 δούλοις
1848 1630 2123 1691 ἐδωρήσαντο.

469 1711 651 1770 Argius.
677 1708 831 1767 Tacit,
855 1710 883 1751 l.
911 1723 949 1750 c.
966 1742 978 1764 ,
1010 1713 1085 1767 49.

479 1787 721 1830 Truncum.
753 1785 797 1829 A
828 1781 984 1828 Prisco
1014 1784 1234 1829 Helvidio
1257 1784 1519 1840 sublatum,
1544 1790 1660 1828 teste
1682 1784 1803 1827 Plut.
1820 1817 1833 1838 ,
1862 1781 1945 1826 ub.
1970 1796 2069 1840 sup.

472 1865 628 1908 Dedit.
663 1863 847 1916 Noctu;
879 1862 1143 1918 Plutarch,
1169 1862 1285 1906 ibid.
1312 1879 1327 1906 ἕ
1350 1858 1486 1925 ᾗθαψε
1517 1864 1566 1909 δὲ
1589 1869 1728 1915 νυκτὸς
1749 1860 1922 1924 Ᾱργεῖος.

472 1942 577 1986 Cn.
612 1941 750 1986 XXI.
791 1939 1050 1983 Articulari
1085 1939 1256 1983 morbo.
1292 1941 1350 1984 H.
1385 1955 1424 1984 e.
1459 1938 1681 2000 chiragra
1716 1946 1762 1981 et
1793 1936 2022 1997 podagra.
2056 1938 2126 1981 De

356 2059 361 2063 ,
405 2019 598 2075 morbo,
631 2016 741 2061 vide
771 2015 934 2072 CELs.‚
961 2030 1026 2071 iv,
1054 2021 1112 2069 24
1141 2031 1152 2059 :
1177 2016 1267 2059 «In
1289 2015 1567 2059 manibus...
1597 2023 1791 2058 tentant.
1813 2032 1832 2053 »

477 2097 583 2140 Cn.
617 2093 781 2138 XXII.
812 2091 973 2137 Ciba...
1008 2093 1245 2136 stantibus.
1271 2093 1330 2136 H.
1356 2093 1386 2136 1.
1423 2091 1488 2136 sic
1512 2090 1852 2150 interpretatur
1876 2092 1944 2135 Cl.
1972 2091 2127 2134 Hase:

406 2174 536 2216 Inter
569 2185 748 2215 coenam
771 2183 921 2227 usque
949 2168 1069 2212 adeo
1101 2168 1385 2212 abundantis
1415 2168 1521 2222 eibi*
1548 2167 1663 2223 fuit,
1695 2177 1749 2211 ut
1776 2176 2019 2229 congestas
2044 2182 2127 2210 su-

403 2265 494 2309 per
515 2263 681 2292 manus
706 2246 776 2307 (h.
808 2260 846 2289 e.
879 2253 985 2289 ante
1011 2260 1080 2302 se,
1105 2253 1214 2289 ante
1244 2245 1402 2288 locum
1441 2244 1523 2288 ubi
1551 2253 1777 2289 sumserat
1807 2241 1983 2306 cibum)
2014 2242 2131 2288 reli-

408 2326 540 2387 quias
557 2322 848 2369 circumferri
867 2322 1056 2381 juberet
1073 2321 1187 2384 (scil.
1218 2321 1393 2366 circum
1417 2317 1597 2366 mensas
1623 2330 1669 2365 et
1692 2320 1941 2378 convivas,
1966 2328 2129 2364 osten-

408 2402 540 2447 tandi
572 2417 706 2446 causa
741 2408 967 2459 quantum
999 2398 1156 2443 fauces
1181 2407 1227 2443 et
1255 2407 1419 2443 venter
1451 2396 1710 2460 valerent),'
1742 2397 2003 2457 spargique
2034 2395 2130 2441 sive

409 2481 455 2524 in
482 2494 631 2523 unum
661 2479 819 2521 locum
844 2474 1021 2536 colligi,
1048 2476 1108 2519 ad
1132 2474 1490 2519 admirationem
1515 2475 1842 2531 convivarum,
1876 2482 1922 2518 et
1947 2482 1999 2517 ut
2028 2473 2128 2532 ipse

409 2567 514 2602 acto
544 2557 707 2601 labore
731 2554 1058 2609 delectaretur,
1088 2553 1156 2596 ad
1166 2554 1319 2614 pedes
1338 2550 1589 2606 stantibus,
1619 2553 1663 2596 h.
1686 2568 1724 2597 e.
1752 2552 1813 2596 ad
1837 2552 2009 2595 lectum
2034 2550 2130 2595 sive

409 2634 553 2694 pedes
584 2631 954 2677 ministrantibus
978 2628 1156 2690 (dativo
1180 2630 1340 2688 posito
1373 2645 1463 2689 pro
1489 2629 1726 2680 ablativo).

478 2713 586 2756 CAP.
621 2710 808 2754 XXIII..
835 2711 987 2751 Anno.
1012 2706 1218 2766 Xiphil.,
1243 2722 1370 2762 Lx1v‚
1396 2722 1444 2766 p.
1471 2706 1563 2764 730
1588 2724 1598 2751 :
1622 2703 1751 2762 ἑζησε
1775 2709 1938 2760 Γάλὲας
1963 2714 2031 2757 ἔτη
2058 2707 2129 2753 δύο

409 2793 478 2837 καὶ
494 2789 801 2850 ἐῧδομήκοντα.
826 2786 994 2828 ZOnssr-
1011 2817 1023 2839 ,
1059 2786 1231 2827 Amull·
1248 2816 1262 2837 ‚
1290 2799 1356 2840 11,
1381 2798 1424 2842 P·
1464 2799 1548 2843 191
1572 2799 1582 2827 :
1607 2787 1750 2832 Γάλῧοι
1778 2789 1847 2845 μὲν
1873 2788 2042 2837 ζήσαντι
2061 2789 2129 2834 ἔτη

410 2869 483 2914 860
514 2869 583 2913 καὶ
605 2866 909 2926 ἑῧὸομῆκῡντα,
939 2867 1010 2910 καὶ
1031 2869 1182 2925 ἡμέρας
1204 2868 1306 2924 τρεῖς
1337 2865 1406 2909 καὶ
1429 2868 1636 2909 eimau»...-
1655 2868 1776 2914 οὕτως
1808 2867 1918 2914 τέλος
1934 2866 2102 2921 ἐγένετο.

477 2942 643 2986 Mense
668 2940 882 2999 septimo.
908 2937 1115 2997 Xiphil.,
1147 2938 1175 2982 l.
1204 2953 1242 2994 c.
1280 2953 1290 2980 :
1318 2928 1420 3002 ἦρξε,
1452 2950 1580 3001 μῆνας
1604 2945 1716 2986 ἐννέα
1740 2942 1810 2986 καὶ
1833 2943 1985 3000 ἡμέρας
2011 2938 2137 2983 δεκα-

411 3027 523 3082 τρεῖς.
560 3019 729 3062 Zonar.
747 3050 759 3071 ‚
783 3017 811 3060 l.
841 3031 878 3059 c·
914 3031 924 3058 :
959 3013 1131 3078 Ᾰρξαντι
1155 3017 1204 3063 δὲ
1236 3027 1363 3078 μῆνας
1395 3023 1507 3063 ἐννέα.
1534 3020 1603 3063 καὶ
1625 3023 1777 3079 ἡμερας
1800 3015 2087 3078 τρισκαίδεκα-

487 3095 758 3137 'I'rucidatm
783 3101 867 3134 est.
893 3091 961 3135 Cf.
991 3093 1184 3148 Tamm,
1202 3092 1318 3136 Hist.
1330 3125 1345 3146 ‚
1378 3107 1444 3147 11,
1472 3089 1531 3136 55
1557 3107 1569 3136 ε
1594 3110 1614 3133 c<
1632 3090 1889 3150 Populus...
1907 3089 2133 3149 sanguine

410 3169 649 3217 infecerat.
678 3200 695 3217 »

1205 3287 1333 3298 -—--..-
