2372 3918
903 268 1321 316 nomnmus.
1918 283 1974 326 77

244 378 465 450 direxit,
492 389 554 434 ut
584 395 772 434 omnes
804 394 901 453 per
929 370 1217 430 intervalla
1251 370 1555 454 digitorum
1587 372 1836 430 innocuae
1860 393 1982 430 eva-

243 479 453 537 derent.

322 582 451 637 XX.
483 575 756 637 Liberalia
802 575 983 633 studia
1029 574 1246 653 imperii
1287 555 1447 630 initio
1481 571 1754 652 neglexit,
1785 595 1975 652 quam-

243 702 412 759 quam
442 677 799 737 bibliothecas
840 675 1097 733 incendio
1133 675 1413 755 absumtas
1450 674 1855 752 impensissime
1887 697 1975 732 re·
2054 694 2098 739 ε,ε

244 803 437 860 parare
460 791 728 851 curasset,
752 765 1156 854 exemplaribus
1181 774 1427 853 undique
1451 774 1664 853 petitis,
1688 775 1981 852 missisque

240 881 629 940 Alexandriam
651 924 667 952 ,
714 879 812 957 qui
852 877 1227 934 describerent
1275 875 1765 952 emendarentque.
1815 876 1981 933 Nun-

241 1004 407 1061 quam
437 995 620 1039 tamen
649 992 744 1036 aut
768 978 1037 1051 historiae,
1067 977 1475 1034 carminibusve
1504 975 1823 1049 noscendis,
1849 997 1982 1055 ope·-

240 1081 590 1152 ramullam,
617 1093 715 1138 aut
745 1078 872 1137 stilo
905 1078 995 1136 vel
1040 1078 1346 1135 necessario
1380 1076 1550 1134 dedit.
1578 1079 1787 1134 Praeter
1825 1097 1980 1134 com-

239 1184 535 1240 mentarios
576 1194 633 1239 et
670 1193 793 1239 acta
821 1179 1029 1238 Tiberii
1064 1180 1297 1237 Caesaris
1336 1176 1477 1235 nihil
1513 1176 1794 1235 lectitabat
1823 1198 1837 1234 ε
1874 1180 1986 1256 epi-

240 1283 433 1355 stolaS,
460 1286 848 1361 orationesque
866 1327 882 1354 ,
909 1294 965 1339 et
992 1281 1173 1339 edicta
1200 1279 1381 1338 alieno
1411 1280 1687 1337 formabat
1716 1280 1943 1359 ingenio
1970 1301 1982 1335 :

242 1387 512 1444 sermonis
529 1399 711 1443 tamen
739 1406 840 1441 nec
862 1382 1207 1462 inelegantiS,
1226 1382 1503 1439 dictorum
1522 1380 1803 1439 interdum
1819 1383 1984 1439 etiam

242 1488 591 1546 notabilium.
641 1511 670 1540 ι(
694 1484 906 1545 Vellem
925 1528 940 1557 ,
966 1509 993 1538 ι)
1043 1484 1251 1561 inquit,
1297 1506 1325 1536 α
1350 1495 1463 1539 tam
1512 1482 1789 1539 formosus
1838 1502 1986 1552 esse,

247 1610 417 1667 quam
454 1589 663 1647 Metius
703 1587 808 1644 sibi
840 1585 1078 1642 videtur.
1105 1609 1131 1638 ι)
1158 1587 1230 1641 Et
1261 1582 1547 1662 cujusdam
1581 1595 1775 1660 caput,
1805 1583 1985 1640 varie-

246 1702 358 1747 tate
391 1688 578 1768 capilli
622 1685 957 1745 subrutilum
999 1698 1056 1743 et
1101 1686 1399 1759 incanum,
1429 1708 1458 1738 α
1480 1683 1762 1762 perfusam
1799 1685 1983 1741 nivem

244 1790 423 1849 mulso
442 1816 470 1845 >2
504 1791 658 1847 dixit.
915 1788 917 1790 ’

324 1895 480 1949 XXI.
517 1915 544 1945 «
568 1890 961 1949 Conditionem
986 1889 1302 1967 principum
1328 1886 1695 1944 miserrimam
1717 1911 1745 1941 >³
1772 1888 1955 1945 aiebat
1971 1931 1987 1960 ,

243 2020 270 2049 «ι
294 1994 495 2072 quibus
519 1991 588 2049 de
618 1991 1003 2069 conjuratione
1035 2001 1320 2067 comperta
1353 2009 1468 2046 non
1502 1988 1840 2062 crederetur,
1880 1989 1987 2046 nisi

248 2095 457 2151 occisis.
479 2118 507 2147 >›
535 2093 771 2165 Quoties
791 2093 971 2148 otium
1000 2102 1143 2148 esset
1162 2134 1178 2163 ,
1205 2089 1324 2147 alea
1354 2110 1414 2147 se
1445 2088 1789 2161 oblectabat,
1819 2090 1985 2146 etiam

247 2192 502 2272 profestis
531 2192 724 2249 diebus
743 2234 759 2265 ,
793 2192 1191 2268 matutinisque
1214 2190 1367 2248 horis
1396 2213 1409 2247 ε
1436 2211 1503 2247 ac
1526 2188 1745 2247 lavabat
1772 2189 1840 2248 de
1863 2189 1951 2246 die
1972 2235 1987 2262 ,

247 2294 665 2374 prandebatque
708 2291 779 2348 ad
812 2293 1146 2365 satietatem3
1182 2304 1246 2348 ut
1291 2312 1404 2348 non
1440 2305 1648 2348 temere
1684 2312 1850 2369 super
1884 2312 1989 2347 coe-

250 2417 376 2453 nam
399 2438 414 2468 ,
444 2406 641 2473 praeter
667 2394 982 2451 Matianum
1015 2391 1223 2449 malum
1240 2435 1256 2465 ,
1283 2404 1338 2449 et
1360 2391 1633 2449 modicam
1664 2392 1721 2448 in
1743 2390 1988 2470 ampulla

250 2494 630 2576 potiunculam
653 2505 913 2552 sumeret.
936 2493 1353 2552 Convivabatur
1376 2492 1696 2571 frequenter
1719 2513 1784 2549 ac
1810 2491 1988 2571 large,

250 2596 347 2654 sed
373 2617 529 2675 paene
551 2596 754 2675 raptim
785 2618 798 2651 ε
831 2607 980 2652 certe
1012 2615 1122 2651 non
1152 2593 1298 2651 ultra
1322 2592 1452 2651 solis
1479 2614 1735 2651 occasum
1754 2637 1769 2665 ,
1799 2614 1897 2651 nec
1929 2607 1990 2650 ut

250 2711 438 2777 postea
458 2698 921 2755 commissaretur.
949 2697 1094 2754 Nam
1119 2695 1188 2753 ad
1211 2696 1407 2753 horam
1431 2696 1610 2753 somni
1643 2694 1780 2752 nihil
1808 2694 1958 2753 aliud
1973 2740 1987 2769 ,

249 2820 416 2878 quam
452 2797 600 2856 solus
628 2810 836 2854 secreto
867 2795 1273 2854 deambulabat.

331 2902 518 2958 XXII.
547 2898 821 2955 Libidinis
850 2900 1060 2968 nimiae‚
1094 2897 1471 2955 assiduitatem
1504 2899 1868 2972 concubituS,
1902 2920 1989 2955 ve·

251 3002 334 3058 lut
372 3000 774 3057 exercitationis
822 3019 1027 3078 genuS,
1080 2999 1393 3080 clinopalen
1443 3001 1690 3058 vocabat.
1741 3004 1986 3078 Eratque

253 3103 430 3175 fama,
475 3101 631 3178 quasi
666 3100 1003 3158 concubinas
1038 3102 1156 3179 ipse
1187 3099 1482 3157 develleret
1503 3142 1518 3172 ,
1547 3113 1873 3179 nataretque
1903 3102 1983 3157 in·

254 3217 337 3262 ter
366 3202 769 3281 vulgatissimas
813 3204 1140 3260 meretrices,
1175 3204 1383 3261 Fratris
1411 3201 1582 3260 filiam
1608 3202 1790 3260 adhuc
1822 3204 1985 3282 virgi·

257 3325 410 3378 nem,
460 3301 702 3360 oblatam
748 3305 805 3359 in
853 3305 1268 3362 matrimonium
1304 3305 1436 3378 sibi,
1477 3326 1649 3384 quum
1700 3304 1987 3362 devinctus

2119 739 2217 773 f-x«
