2372 3918
878 263 941 308 IN
972 260 1403 307 DOMITIANUM.
1909 256 1936 302 3
1949 275 1964 303 ι
1976 258 2003 306 5

278 359 351 405 cui
381 358 660 405 rectissimus
696 374 857 405 sensus
884 356 1112 402 videtur:
1147 357 1274 400 Num'
1305 362 1358 398 tu
1389 353 1528 397 etiam
1553 352 1615 398 ad
1652 352 2003 400 matrimonium

276 451 352 481 me
374 435 604 494 hortaris,
628 444 679 482 ut
697 434 853 482 fratris
875 433 946 479 tui
970 432 1188 492 exemplo
1221 444 1419 475 uxorem
1452 428 1567 474 mihi
1593 428 1831 475 abducas?

340 513 541 558 Salvium
567 514 880 559 Cocceianum.
906 509 1027 555 Vide
1061 522 1165 567 sup.
1205 506 1372 551 Othon.
1391 539 1403 558 ,
1431 521 1474 550 x.

339 590 530 634 lunium
568 589 820 634 Rusticum.
858 588 960 632 Imo
988 600 999 629 ε
1033 585 1084 629 L.
1117 583 1312 628 Juuium
1347 583 1604 627 Arulenum
1642 582 1901 628 Rusticum.
1928 584 2002 630 Cf.

272 666 401 711 Lnrs.
427 666 486 711 ad
516 666 687 723 Tacit„
715 665 872 726 Agr-ic.
891 696 906 718 ,
939 676 967 707 2
995 670 1042 706 et
1073 658 1148 715 45.

338 742 665 804 Philosophos.
686 741 900 787 Philostr.
915 773 928 796 ‚
957 739 1177 800 Apollon.
1206 737 1252 777 V
1246 737 1320 791 it.,
1351 752 1428 781 vu
1444 770 1457 793 ,
1482 751 1509 781 2
1540 753 1550 781 :
1575 744 1794 800 Φιλοσοφία
1827 739 1876 786 δὲ
1898 745 1999 787 οὕτω

270 843 310 868 τι
340 825 530 877 ἔπτηξεν,
546 828 594 875 ὡς
615 823 888 872 ἀπολαῧόντες
910 825 954 865 τὸ
973 828 1136 879 σχῆμα,
1154 822 1188 863 οἱ
1212 822 1283 879 μὲν
1309 816 1542 878 ἀποδράναι
1560 827 1667 878 σφῶν
1690 822 1726 869 ἐς
1747 822 1819 867 τὴν
1835 825 1999 863 Κελτῶν

272 903 457 959 ἑσπέραν·
483 905 517 945 οἱ
533 898 583 945 δὲ
615 903 652 951 ἐς
673 901 727 944 τὰ
759 902 891 958 ἔρημοι
915 896 1062 947 meti-nc
1091 915 1136 940 τε
1161 897 1231 940 καὶ
1254 898 1439 946 Σκυθίας’
1463 898 1556 939 ἔνιοι
1577 893 1617 938 δ’
1643 898 1679 945 ἐς
1700 898 1836 954 λόγους
1859 898 1982 940 ἀπενε

269 982 411 1033 χθῆνοιι
432 977 669 1036 Eup-Gomon:
696 985 774 1021 τῶν
810 978 1134 1035 ἁμαρτημάτων.
1161 969 1229 1014 Cf·
1258 971 1453 1026 TACIT·‚
1487 968 1675 1028 Αὲῒῖΰι,
1703 983 1746 1012 ²·

336 1050 547 1094 Flavium
568 1048 806 1094 Sabinum.
837 1048 1008 1093 Filium
1033 1046 1178 1092 Flavii
1202 1043 1393 1102 Sabini,
1427 1045 1583 1090 fratris
1615 1045 1900 1105 Vespasiani.

335 1125 493 1170 Civilis
516 1126 637 1171 belli.
665 1125 740 1171 Ab
764 1124 975 1170 Antonio
1007 1123 1138 1169 moti.
1172 1122 1295 1167 Vide
1322 1138 1390 1167 vx.

338 1202 583 1247 Tribunum
609 1203 908 1247 laticlaviam.
933 1202 1005 1246 De
1029 1200 1232 1245 tribunis
1254 1198 1499 1244 laticlaviis
1529 1198 1639 1244 vide
1670 1200 1839 1244 Olizon.
1859 1233 1870 1252 ,
1902 1217 1947 1245 x.

333 1280 617 1339 Impudicos.
651 1279 950 1340 Impudicum
974 1293 1021 1324 se
1050 1276 1275 1338 probavit
1305 1277 1455 1321 Julius
1482 1276 1745 1333 Calvaster3
1771 1287 1814 1322 et
1847 1278 1909 1323 ita
1933 1278 1995 1323 li>-

263 1357 456 1402 beratus
476 1365 566 1415 est,
598 1364 718 1402 auct.
745 1355 926 1417 Xiphil.
943 1391 955 1414 ,
981 1371 1119 1402 vau
1136 1390 1149 1413 ‚
1179 1371 1227 1415 p.
1256 1353 1365 1412 764.

333 1434 439 1477 Cu».
472 1434 554 1478 XI.
583 1436 798 1478 Actorem
835 1448 1135 1479 summarum.
1166 1433 1226 1478 Η.
1264 1447 1303 1476 e.
1343 1429 1585 1493 exigendis
1617 1430 1830 1490 pecuniis
1869 1441 1915 1477 et
1947 1433 1992 1478 in

263 1509 494 1554 rationem
520 1510 779 1556 referendis
803 1507 1122 1570 praepositum.

329 1588 403 1631 De
426 1603 573 1632 coena.
599 1589 758 1633 Partes
783 1587 841 1631 de
867 1602 1000 1632 coena
1032 1585 1191 1632 amicis
1218 1585 1468 1630 mittebant
1498 1593 1693 1630 veteres.

335 1663 651 1709 Consularem.
679 1665 855 1709 Consul
877 1662 969 1708 fuit
992 1667 1047 1708 A.
1074 1664 1132 1709 U.
1159 1661 1251 1721 847
1286 1677 1393 1706 cum
1418 1663 1469 1707 L.
1497 1661 1690 1707 Nonnio
1716 1666 1989 1721 Asprenate.

266 1738 335 1784 Cf.
373 1740 568 1798 TAcrr„
598 1742 743 1796 Hist„
768 1757 835 1796 xv,
867 1739 944 1784 68.

331 1818 563 1862 Gestanti.
590 1819 682 1863 Pro
703 1827 920 1879 gestato,
954 1817 998 1861 h.
1026 1833 1065 1861 e.
1082 1851 1094 1873 ,
1121 1816 1170 1860 in
1198 1814 1363 1860 eadem
1379 1814 1491 1860 sella
1518 1816 1776 1875 gestatoria
1800 1816 1891 1860 iter
1914 1816 1989 1861 fa-

261 1893 418 1938 cienti.
1613 1879 1615 1881 .

330 1971 463 2014 More
487 1970 729 2028 majorum.
759 1974 831 2016 De
864 1987 962 2032 quo
997 1969 1104 2015 vide
1135 1970 1331 2024 Neron.‚
1363 1983 1493 2012 xmx.

326 2048 433 2092 Cn.
458 2048 570 2092 XII.
599 2047 862 2105 Adjecerat.
889 2048 1009 2093 Vide
1037 2063 1103 2092 lx.

329 2123 568 2168 oneribus.
596 2124 655 2168 H.
678 2140 719 2168 e.
746 2123 1073 2184 comparandis
1100 2121 1310 2182 pecuniis
1326 2120 1387 2165 ad
1411 2120 1624 2180 publicas
1648 2121 1879 2183 impensas
1902 2140 1989 2169 ne-

259 2200 482 2245 cessariis.

324 2277 551 2322 Iudaicus
572 2278 734 2337 fiscus.
762 2279 819 2323 H.
860 2295 898 2323 e.
931 2278 1161 2323 tributum
1194 2276 1393 2320 duarum
1431 2275 1759 2320 drachmarum
1791 2276 1985 2336 singulis

253 2352 422 2413 judaeis
454 2355 724 2416 impositum
750 2364 801 2400 ut
832 2356 1008 2415 patrios
1032 2354 1152 2400 ritus
1175 2360 1443 2407 servarent,
1470 2360 1586 2396 teste
1611 2352 1816 2412 xiphil„
1844 2369 1956 2399 vax
1973 2389 1985 2411 ,
2010 2409 2013 2413 Ι

258 2446 306 2491 p.
336 2431 443 2487 748.
472 2434 513 2477 A
539 2425 648 2478 Tito
679 2431 795 2478 illud
820 2433 1128 2478 constitutum
1154 2437 1236 2476 est.
1264 2432 1483 2486 josuem,
1509 2431 1631 2474 Bell.
1658 2431 1792 2483 lud„
1821 2447 1920 2488 vu,
1939 2431 1983 2475 6.

323 2507 609 2570 Improsessi.
639 2509 747 2556 Sive
761 2509 960 2569 judaicae
985 2507 1178 2569 originis
1203 2515 1377 2562 essent,
1402 2506 1499 2551 sive
1522 2514 1786 2571 προσήλυτοι,
1815 2508 1897 2552 sed
1914 2516 1985 2553 ta-

260 2600 363 2629 men
389 2601 488 2629 non
514 2594 648 2630 erant
670 2586 869 2646 professi
896 2587 1017 2631 hanc
1042 2601 1173 2631 suam
1205 2591 1391 2628 sectam.

330 2661 533 2722 Origine.
560 2661 783 2723 Intelligit
800 2664 866 2708 CI.
894 2664 1023 2707 Hase
1047 2662 1107 2707 de
1134 2658 1422 2716 christianis,
1447 2673 1568 2719 quos
1593 2659 1682 2703 sub
1707 2658 1983 2704 Domitiano

256 2738 386 2800 gravi
416 2739 743 2799 persecutione
783 2749 975 2785 vexatos
998 2750 1045 2786 et
1078 2741 1359 2800 plerumque
1400 2751 1506 2779 cum
1533 2734 1702 2794 judaeis
1739 2735 1820 2780 ino
1861 2745 1982 2780 tem-

255 2829 373 2874 pore
397 2817 617 2862 confusos
647 2826 840 2863 constat.

323 2892 518 2938 Coenidi.
546 2893 668 2938 Vide
702 2895 927 2955 Vas-pas„
958 2910 1038 2939 111.

324 2970 748 3026 Generumsratris.
773 2973 954 3033 Nempe
978 2971 1193 3018 Flavium
1217 2971 1460 3017 Sabinum.

321 3046 529 3091 Albatos.
558 3048 614 3092 H.
643 3064 680 3092 e.
715 3047 1022 3095 albistunicis
1044 3049 1253 3094 indutos.

319 3124 426 3168 Cu».
452 3126 587 3171 XIII.
614 3126 775 3186 Epati.
801 3125 922 3172 Vide
950 3142 1012 3171 xv.

324 3200 589 3260 Capitolino
629 3204 892 3249 certamine.
920 3205 1071 3250 Intell.
1109 3204 1168 3248 de
1203 3204 1542 3265 quinquennali
1573 3204 1823 3248 certamine
1867 3201 1977 3247 Jovi

260 3275 526 3334 Capitolino
550 3279 683 3339 quod
707 3295 733 3324 a
762 3279 1032 3324 Domitiano
1064 3279 1216 3326 fuerat
1242 3281 1522 3325 institutum.
1548 3279 1671 3325 Vide
1697 3296 1760 3323 ιν.
