2372 3918
750 276 1054 324 OCTAVIUS
1088 276 1422 322 AUGUSTUS.
1879 294 1939 341 97

242 379 362 435 dem
409 382 657 438 cubuisse
706 381 892 452 aiunt,
940 379 1041 436 nisi
1094 378 1288 435 humili
1334 392 1389 435 et
1440 379 1651 436 modice
1699 383 1942 440 instrato.

242 482 406 536 Veste
434 501 545 537 non
578 492 778 536 temere
806 478 912 535 alia
940 498 1104 556 quam
1135 479 1427 535 domestica
1461 499 1591 536 usus
1623 493 1734 553 est,
1765 483 1833 537 ab
1865 504 1949 539 so-

243 599 366 636 rore
389 591 443 636 et
468 598 638 636 uxore
663 590 717 634 et
739 577 850 634 filia
872 578 1235 656 neptibusque
1257 578 1503 635 confecta
1530 600 1543 635 τ
1573 580 1742 657 togiS,
1773 601 1952 658 neque

243 680 532 750 restrictis,
569 698 746 755 neque
782 677 915 734 fusis
947 699 961 733 :
1000 676 1185 751 clave,
1221 699 1322 735 nec
1357 678 1498 751 lat0,
1532 699 1633 736 nec
1671 692 1907 757 angusto
1937 702 1949 735 :

245 777 608 835 calciamentis
637 777 972 850 altiusculiS,
1010 790 1073 834 ut
1109 778 1390 855 procerior
1427 799 1593 856 quam
1635 790 1778 849 erat,
1808 779 1954 835 vide-

245 890 412 934 retur.
443 881 514 934 Et
542 877 775 934 forensia
806 890 989 934 autem
1019 890 1073 933 ct
1103 878 1310 936 calceos
1342 900 1623 956 nunquam
1663 901 1777 936 non
1812 880 1957 936 intra

245 975 555 1035 cubiculum
592 978 813 1050 habuit,
844 977 914 1034 ad
952 978 1161 1035 subitos
1200 981 1625 1057 repentinosque
1666 1000 1822 1035 casus
1862 1000 1958 1057 pa-

245 1089 377 1134 rata.

322 1180 573 1236 LXXIV.
623 1180 1035 1238 Convivabatur
1065 1193 1120 1236 et
1152 1181 1401 1252 assidue,
1441 1201 1542 1237 nec
1577 1202 1821 1258 unquam
1855 1183 1957 1238 nisi

245 1291 422 1352 recta,
460 1300 572 1336 non
614 1281 730 1336 sine
766 1301 968 1358 magno
1007 1281 1265 1338 ordinum
1304 1282 1699 1358 hominumque
1739 1281 1958 1339 dilectu.

246 1378 499 1436 Valerius
546 1379 781 1437 Messala
829 1381 1024 1454 tradit,
1070 1382 1344 1437 neminem
1390 1402 1632 1458 unquam
1681 1381 1962 1438 libertino·

249 1501 375 1535 rum
403 1480 706 1537 adhibitum
734 1480 802 1536 ab
832 1501 898 1536 eo
925 1501 1121 1553 coenae,
1155 1494 1381 1559 excepto
1411 1484 1606 1553 Mena,
1637 1482 1729 1539 sed
1759 1495 1965 1539 asserto

248 1581 309 1635 in
346 1581 774 1658 ingenuitatem,
812 1592 938 1657 post
973 1581 1247 1658 proditam
1284 1583 1403 1637 SeX.
1444 1583 1688 1659 Pompeii
1720 1581 1962 1638 classem.

249 1683 373 1757 Ipse
402 1680 615 1749 scribit,
641 1681 894 1735 invitasse
919 1700 975 1735 se
1005 1680 1324 1756 quemdam,
1354 1682 1410 1735 in
1440 1682 1598 1756 cujus
1626 1680 1755 1736 villa
1779 1703 1966 1737 mane-

251 1791 360 1851 ret,
391 1780 486 1856 qui
517 1778 824 1856 speculator
853 1800 983 1834 suus
1014 1778 1145 1834 olim
1173 1778 1379 1835 fuisset.
1414 1782 1682 1837 Convivia
1712 1802 1967 1837 nonnun-

251 1899 416 1955 quam
454 1890 508 1934 et
545 1880 717 1934 serius
757 1879 958 1950 inibat,
995 1890 1050 1934 et
1087 1880 1357 1935 maturius
1393 1878 1763 1956 relinquebat;
1796 1902 1968 1958 quum

252 1979 495 2035 convivae
519 1991 574 2034 et
597 1984 812 2034 Coenare
836 1979 1166 2056 inciperent,
1198 1980 1519 2056 priusquam
1550 1979 1641 2035 ille
1667 1980 1971 2036 discumbe-

251 2091 363 2151 ret,
390 2090 444 2134 et
468 2090 877 2156 permanerent,
903 2077 1145 2156 digresso
1169 2099 1248 2134 eo.
1276 2082 1502 2136 Coenam
1526 2081 1693 2136 ternis
1722 2079 1939 2137 ferculis
1956 2123 1970 2152 ,

252 2191 380 2252 aut,
431 2200 606 2256 quum
657 2178 1156 2260 abundantissime,
1205 2181 1348 2236 senis
1397 2181 1705 2257 praebebat,
1754 2194 1816 2238 ut
1861 2203 1972 2238 non

253 2281 424 2336 nimio
461 2290 715 2355 sumptu,
748 2278 824 2333 ita
870 2298 1083 2334 summa
1125 2280 1394 2335 comitate.
1443 2282 1585 2338 Nam
1617 2293 1671 2336 et
1714 2281 1783 2336 ad
1828 2302 1975 2338 com-

253 2382 570 2436 munionem
606 2379 871 2434 sermonis
908 2390 1149 2434 tacentes
1178 2378 1263 2434 vel
1299 2381 1632 2436 summissim
1667 2380 1973 2438 fabulantes

258 2480 620 2558 provocabat,
658 2490 714 2534 et
746 2490 844 2533 aut
877 2490 1187 2534 acroamata
1222 2491 1277 2534 et
1313 2479 1638 2551 histrioncS,
1679 2493 1776 2537 aut
1810 2482 1973 2538 etiam

258 2577 497 2635 triviales
545 2599 611 2635 ex
654 2579 813 2634 circo¹
843 2575 1024 2633 ludios
1066 2578 1481 2656 interponebat,
1523 2599 1586 2634 ac
1635 2579 1976 2656 frequentius

260 2677 581 2755 aretalogOS.

340 2780 568 2835 LXXV.
612 2781 799 2833 Festos
838 2790 892 2833 et
935 2777 1198 2834 solemnes
1241 2778 1354 2835 dies
1391 2779 1792 2856 profusissime,
1835 2800 1976 2836 non-

265 2898 551 2955 nunquam
581 2889 798 2933 tantum
823 2875 1178 2954 joculariter,
1207 2876 1531 2936 celebrabat.
1565 2878 1946 2936 Saturnalibus
1964 2924 1978 2951 ,

264 2993 319 3036 et
359 2980 403 3035 si
437 2977 658 3055 quando
702 2976 833 3034 alias
877 2975 1156 3050 libuisset,
1197 2977 1360 3034 modo
1402 2999 1629 3035 munera
1669 2979 1978 3050 dividebat,

264 3092 495 3151 vestem,
529 3092 583 3135 et
617 3100 838 3151 aurum,
868 3091 923 3135 et
952 3091 1240 3156 argentum
1274 3100 1286 3134 ε
1320 3077 1485 3134 modo
1519 3099 1771 3134 nummos
1803 3081 1980 3136 omnis

190 3186 192 3188 ’
269 3193 440 3253 notae,
492 3180 655 3236 etiam
702 3190 911 3235 veteres
954 3179 1131 3256 regios
1178 3199 1240 3234 ac
1284 3180 1599 3256 peregrinos
1642 3200 1655 3233 ε
1703 3179 1978 3235 interdum

270 3280 405 3336 nihil
431 3292 628 3358 praeter
656 3278 829 3335 cilicia
859 3290 913 3334 et
939 3281 1218 3357 spongias,
1248 3291 1301 3334 et
1331 3278 1608 3346 rutabula,
1639 3291 1694 3334 et
1721 3278 1980 3356 forpiceS,

510 3401 545 3435 1.
1649 3387 1678 3443 7
