2372 3918
1037 239 1233 287 OTHO.
1960 236 2019 282 23

286 348 424 405 (lans
457 346 713 427 reliquias
750 367 876 406 suas
906 358 959 413 et
993 345 1334 413 memoriam.
1360 342 1645 421 Quicquid
1678 342 1875 402 deinde
1904 343 2022 422 epi-

284 450 552 509 stolarum
583 462 703 508 erat
720 493 737 521 ‚
764 469 835 506 ne
866 448 956 506 cui
992 445 1240 526 periculo
1273 458 1371 514 aut
1397 465 1557 503 noxae
1581 444 1731 524 apud
1758 447 2023 503 victorem

284 552 499 626 forent,
535 549 923 620 concremavit.
957 548 1162 607 Divisit
1203 559 1258 605 et
1293 546 1557 625 pecunias
1592 545 1910 605 domesticis
1956 567 2025 604 ex

281 654 439 732 copia
470 653 740 733 praesenti.

336 731 468 814 'XL
504 758 686 836 Atque
719 754 794 812 ita
827 765 1083 831 paratus,
1128 752 1487 828 intentusque
1528 750 1647 828 jam
1689 751 1885 823 morti,
1934 762 2026 807 tu-

288 856 469 919 multu
506 858 648 914 inter
673 875 858 913 moras
883 865 1104 927 exort0,
1135 866 1198 910 ut
1221 873 1342 927 eos,
1371 853 1469 931 qui
1494 850 1777 918 discedere
1800 861 1855 916 et
1879 851 2030 918 abire

290 957 607 1038 coeptabant
624 1001 641 1030 ,
669 957 877 1034 corripi
906 957 1065 1035 quasi
1093 954 1401 1013 desertores
1419 997 1436 1027 ,
1462 953 1813 1032 detinerique
1835 954 2030 1025 sensit,

286 1085 313 1113 α
336 1057 703 1137 Adjiciamus,
721 1082 750 1112 >³
777 1058 986 1136 inquit,
1010 1082 1037 1112 α
1054 1057 1178 1116 vitae
1210 1068 1267 1114 et
1291 1056 1437 1114 hanc
1462 1046 1711 1130 noctem,
1731 1079 1759 1110 >2
1782 1054 1871 1118 his
1899 1054 2031 1134 ipsis

289 1159 632 1238 totidemque
662 1159 843 1217 verbis
875 1180 888 1216 :
918 1159 1234 1236 vetuitque,
1269 1159 1383 1215 vim
1412 1158 1675 1237 cuiquam
1705 1157 1852 1232 fieri;
1883 1168 1939 1214 et
1974 1157 2030 1213 in

286 1282 467 1319 serum
498 1282 675 1339 usque
704 1273 928 1339 patente
963 1259 1253 1333 cubiculo,
1286 1261 1330 1316 si
1362 1260 1486 1338 quis
1522 1259 1675 1317 adire
1709 1257 1898 1330 vellet,
1931 1279 2032 1336 po-

291 1374 539 1419 testatem
573 1363 656 1419 sui
693 1362 949 1441 praebuit.
983 1364 1116 1418 Post
1147 1362 1255 1418 hoc
1290 1360 1479 1418 sedata
1511 1361 1601 1418 siti
1637 1358 1830 1440 gelidae
1876 1380 2033 1439 aquae

293 1464 551 1542 potione,
580 1464 818 1541 arripuit
844 1463 985 1520 duos
1011 1463 1310 1542 pugioneS,
1348 1474 1403 1519 et
1431 1460 1714 1541 explorata
1744 1462 2034 1540 utriusque

292 1565 434 1638 acie,
462 1585 638 1642 quum
663 1563 900 1621 alterum
926 1562 1160 1644 pulvino
1183 1562 1541 1637 subdidisset,
1569 1563 1782 1621 foribus
1807 1563 2035 1641 adaper-

287 1666 357 1723 tis
386 1643 664 1723 artissimo
695 1686 891 1723 somno
921 1666 1148 1743 quievit.
1183 1668 1254 1723 Et
1285 1666 1431 1722 circa
1466 1664 1646 1722 lucem
1678 1665 1903 1722 demum
1939 1686 2033 1722 ex-

285 1765 658 1847 pergefactuS,
695 1787 808 1823 uno
842 1787 899 1823 se
929 1767 1147 1844 trajecit
1180 1767 1302 1824 ictu>
1324 1766 1467 1823 infra
1500 1764 1694 1824 laevam
1726 1764 1989 1844 papillam
2017 1787 2030 1821 t

292 1867 843 1946 irrumpentibusque
880 1867 951 1924 ad
990 1868 1235 1946 primum
1267 1868 1570 1946 gemitum,
1606 1867 1775 1924 modo
1818 1866 2032 1937 celans,

285 1966 455 2025 modo
501 1967 759 2048 detegens
800 1968 1022 2048 plagam
1044 2012 1059 2042 ,
1106 1969 1451 2026 exanimatus
1501 1981 1615 2039 est,
1669 1980 1724 2025 et
1782 1967 2036 2025 celeriter

284 2068 444 2148 (nam
489 2069 568 2126 ita
617 2068 987 2148 praeceperat)
1035 2069 1326 2127 funeratus
1346 2113 1362 2143 ,
1410 2071 1693 2127 tricesimo
1738 2082 1794 2126 et
1839 2082 2035 2151 octavo

285 2172 459 2228 aetatis
487 2190 668 2243 anno,
698 2184 754 2228 et
796 2171 1156 2249 nonagesimo
1182 2184 1237 2228 et
1270 2172 1470 2250 quinto
1496 2172 1718 2251 imperii
1745 2171 1850 2229 die.

367 2272 497 2330 XII.
531 2275 715 2330 Tanto
752 2273 994 2331 Othonis
1010 2274 1200 2330 animo
1220 2293 1574 2352 nequaquam
1597 2295 1801 2353 corpus
1821 2287 1915 2330 aut
1937 2275 2034 2330 ha·

285 2374 435 2431 bitus
460 2374 764 2453 competiit.
791 2374 982 2431 Fuisse
1005 2375 1153 2431 enim
1179 2373 1424 2431 traditur
1448 2386 1504 2431 et
1523 2374 1755 2432 modicae
1773 2387 2000 2432 staturae
2019 2419 2034 2449 ,

286 2487 344 2532 et
376 2474 520 2532 male
554 2474 788 2554 pedatus
825 2474 1191 2553 scambusque
1225 2497 1238 2531 :
1276 2474 1680 2532 munditiarum
1717 2497 1851 2532 vero
1882 2497 2037 2554 paene

289 2576 680 2651 muliebrium,
724 2574 885 2635 vulso
931 2597 1167 2656 corpore
1186 2620 1201 2650 ,
1246 2574 1548 2656 galericulo
1594 2578 1762 2657 capiti
1810 2590 2039 2657 propter

289 2679 573 2745 raritatem
598 2676 929 2757 capillorum
953 2677 1218 2757 adaptato
1244 2690 1299 2735 et
1323 2698 1570 2751 annexo,
1597 2690 1659 2735 ut
1690 2699 1856 2735 nemo
1879 2679 2036 2736 dino-

292 2793 471 2838 sceret
498 2802 511 2838 :
539 2779 675 2859 quin
701 2792 757 2837 et
781 2779 976 2837 faciem
1001 2779 1250 2858 quotidie
1275 2781 1531 2853 rasitare,
1560 2802 1623 2838 ac
1648 2802 1792 2860 pane
1816 2781 2037 2839 madido

291 2881 464 2939 linere
486 2893 813 2939 consuetum
839 2903 852 2938 ε
878 2881 1045 2959 idque
1070 2881 1373 2938 instituisse
1392 2902 1424 2938 a
1451 2883 1627 2960 prima
1655 2881 1944 2962 lanugine,
1970 2903 2039 2940 ne

293 2984 561 3042 barbatus
587 3003 834 3062 unquam
863 2995 1034 3040 esset:
1064 3003 1217 3040 sacra
1243 2983 1409 3039 etiam
1434 2982 1595 3040 Isidis
1620 3004 1761 3062 saepe
1787 2985 1843 3040 in
1869 2982 2038 3042 lintea

294 3084 662 3164 religiosaque
688 3097 839 3143 veste
871 3082 1161 3164 propalam
1192 3082 1511 3142 celebrasse.
1547 3086 1654 3141 Per
1680 3105 1801 3162 quae
1829 3083 2034 3143 sactum

295 3200 488 3266 putem
510 3230 526 3257 ,
558 3199 621 3243 ut
651 3207 802 3244 mors
837 3187 983 3265 ejuS,
1033 3187 1260 3245 minime
1296 3206 1609 3265 congruens
1642 3186 1801 3256 vitae,
1839 3186 2036 3264 majori

297 3286 565 3346 miraculo
591 3286 772 3345 fuerit.
801 3286 970 3345 Multi
996 3288 1350 3366 praesentium
1376 3285 1616 3345 militum
1641 3307 1767 3345 cum
1794 3285 2037 3366 plurimo
