2372 3918
372 355 469 403 1‘90—
1140 338 1330 384 NOTAE

427 442 534 484 Cu.
567 437 668 482 Lv.
699 437 777 481 Ad
795 435 1065 497 infamiam.
1092 434 1271 494 Tacit„
1300 436 1478 481 Annal.
1495 467 1510 490 ,
1539 450 1581 492 1,
1611 449 1670 493 '7²
1705 448 1717 479 ε
1744 454 1763 476 ι
1789 435 1972 482 Primus
2002 438 2116 483 Au—'

359 523 525 578 gustus
556 513 878 577 cognitionem
915 512 976 559 de
1012 511 1204 559 famosis
1236 511 1434 571 libellis,
1467 511 1622 573 specie
1657 511 1773 574 legis
1804 512 1908 572 ejus
1933 512 2103 577 (maje-

359 591 509 657 statis)
534 591 775 652 tractavit,
797 599 1064 638 commotus
1080 589 1225 636 Cassii
1248 590 1414 636 Severi
1437 589 1659 648 libidine,
1692 606 1790 652 qua
1812 590 1942 637 viros
1965 592 2102 637 femi-

358 671 540 732 nasque
561 670 764 717 illustres
784 668 1069 731 procacibus
1092 667 1279 729 scriptis
1305 667 1645 714 diffamaverat.
1674 689 1693 710 υ

425 748 656 794 Licentia.
696 748 869 795 Libere
918 744 1145 811 conviciis
1176 754 1399 807 appetere
1434 748 1510 792 vel
1551 746 1683 808 ipsos
1722 747 2030 808 imperatores
2059 747 2109 792 in

360 833 640 871 testamento
671 825 877 872 Romani
915 824 1144 870 solebant.
1186 822 1304 882 Dio,
1336 839 1485 882 tvm,
1529 825 1623 881 637
1670 842 1681 871 ε
1712 832 1939 882 Φουλκίνιος
1979 831 2106 889 Τρίων

361 911 501 953 ἑαυτὸν
527 912 846 970 προαπέκτεινα,
876 909 1011 952 πολλὰ
1040 909 1112 967 μὲν
1144 910 1290 953 ἐκεῖνον
1317 899 1431 966 (scil.
1461 901 1754 967 Tiberium),
1787 909 1920 954 πολλὰ
1951 905 2002 953 δὲ
2038 909 2109 952 καὶ

359 989 426 1030 τὸν
457 988 668 1047 Μάκρωνα
693 991 731 1032 ἐν
763 989 854 1037 ταῖς
885 983 1103 1038 διαθήκαις
1123 982 1378 1045 λοιδορήσας.
1408 980 1541 1026 Idem
1568 991 1731 1027 narrat
1760 980 1907 1027 Tacit.
1925 1015 1938 1038 ,
1958 984 2079 1026 Ann.
2092 1014 2107 1035 ‚

359 1073 437 1117 η,
471 1059 550 1108 38.

428 1136 539 1182 Cn.
564 1136 689 1183 LVI.
723 1138 784 1182 In
806 1135 1024 1182 tribubus.
1047 1135 1270 1195 Duabus,
1294 1135 1485 1198 Scaptia
1509 1145 1556 1182 et
1571 1136 1732 1183 Fabia.
1756 1135 1882 1182 Vide
1898 1150 2003 1196 sup.
2035 1151 2109 1180 x1..

432 1214 630 1274 Questus
650 1220 737 1260 est.
771 1214 921 1261 Tacit.
938 1249 953 1273 ,
986 1214 1164 1259 Annal.
1175 1247 1193 1270 ‚
1222 1229 1302 1274 iv,
1338 1230 1393 1274 17
1421 1230 1434 1260 t
1466 1234 1485 1255 α
1504 1215 1576 1260 Ne
1609 1213 1717 1275 quis
1750 1213 1952 1259 mobiles
1985 1212 2110 1258 ado-

360 1291 639 1338 lescentium
652 1291 835 1338 animos
848 1290 1146 1353 praematuris
1156 1291 1428 1338 honoribus
1444 1291 1506 1338 ad
1521 1291 1794 1352 superbiam
1815 1290 2077 1336 extolleret.
2093 1310 2112 1330 υ

363 1370 434 1416 Cf.
454 1369 605 1416 onn.
621 1404 635 1427 ,
666 1385 771 1427 mv,
793 1385 842 1430 p.
881 1366 991 1422 554.

430 1447 723 1492 Iudiciaria.
783 1450 901 1506 Quae
957 1445 1306 1493 constituerant
1359 1446 1575 1492 ordinem
1629 1446 1925 1507 modumque
1975 1444 2113 1504 judi-

363 1524 565 1570 ciorum.

437 1602 672 1663 Veneficii.
699 1603 820 1648 Plin.
837 1638 851 1662 ,
876 1605 934 1648 H.
971 1602 1060 1660 Ν.,
1084 1617 1241 1660 xxxv,
1279 1618 1335 1647 12
1362 1619 1374 1648 z
1400 1622 1420 1643 «
1443 1601 1608 1647 Patina
1637 1617 1739 1647 non
1769 1601 1998 1658 foediore,
2025 1615 2115 1645 cu-

361 1682 440 1741 jus
460 1698 649 1728 veneno
666 1682 919 1745 Asprenati
942 1698 1028 1729 reo
1054 1681 1240 1729 Cassius
1263 1683 1468 1729 Severus
1487 1690 1733 1729 accusator
1755 1680 2015 1741 objiciebat
2037 1681 2115 1725 in—

364 1759 525 1806 terisse
549 1776 676 1807 cxxx
700 1761 939 1807 convivas.
969 1784 987 1801 „

435 1839 599 1884 Cassio
632 1840 810 1885 Severo.
844 1841 918 1885 De.
949 1840 1045 1885 hoc
1087 1838 1262 1886 celebri
1293 1847 1486 1885 oratore
1530 1836 1735 1900 Augusti
1774 1845 1930 1896 aetate,
1966 1836 2085 1882 Plin.
2106 1871 2118 1892 ‚

367 1919 426 1962 H.
459 1918 542 1975 N„
569 1933 672 1975 vn,
704 1931 776 1963 12.
802 1917 873 1963 Cf.
900 1919 1216 1974 θωπικαὶ,
1245 1917 1488 1962 Onomast.
1506 1949 1520 1971 ,
1547 1931 1596 1977 p.
1623 1929 1735 1976 209.

438 1994 691 2040 Subsellizk.
724 1993 823 2041 Ubi
845 1995 1075 2041 sedebant
1100 2009 1211 2040 cum
1239 2009 1325 2040 reo
1355 1993 1562 2054 patroni.

435 2073 749 2118 Laudatione.
782 2073 841 2118 In
863 2087 997 2118 more
1020 2071 1105 2118 diu
1135 2070 1226 2118 fuit
1256 2069 1387 2132 apud
1421 2072 1666 2116 Romanos
1702 2067 1888 2115 laudari
1918 2084 2027 2115 reos
2056 2069 2117 2114 ab

367 2149 526 2195 amicis
550 2165 562 2194 ε
588 2148 639 2196 id
673 2164 788 2196 vero
821 2148 1136 2212 prohibuerat
1159 2147 1414 2209 Pompeius
1437 2163 1555 2194 coss.
1580 2150 1647 2194 M.
1673 2150 1729 2194 A.
1754 2149 1814 2194 U.
1843 2163 1953 2206 7⁰⁰·

438 2226 730 2272 Castricium.
760 2228 834 2273 De
858 2242 959 2289 quo
982 2226 1102 2272 nihil
1125 2233 1437 2286 compertum.

439 2305 550 2349 CAP.
577 2304 722 2349 LVII.
746 2305 987 2350 Natalem.
1012 2303 1108 2349 Dio
1125 2338 1138 2361 ,
1164 2318 1272 2360 LIV,
1294 2317 1343 2363 p.
1377 2299 1471 2357 545
1501 2317 1513 2347 2
1538 2308 1603 2352 Τὰ
1625 2310 1809 2367 γενέθλια
1848 2308 1903 2351 τὰ
1933 2313 2004 2351 τοῦ
2027 2310 2118 2350 Aer

365 2389 537 2444 γεύστου
554 2387 625 2431 καὶ
650 2389 687 2430 ἐν
700 2394 758 2445 τῷ
785 2379 1038 2446 Ῐπποδρόμῳ
1051 2416 1063 2437 ,
1079 2385 1150 2430 καὶ
1168 2388 1205 2429 ἐν
1221 2391 1273 2444 τῇ
1293 2387 1394 2444 ἄλλῃ
1411 2386 1526 2428 πόλει
1542 2387 1765 2443 πολλαχόθι
1780 2386 1922 2444 θηρίων
1942 2387 2120 2444 σφαγαῖς

369 2464 552 2522 ἐτιμήθη.
576 2463 662 2507 Καὶ
692 2470 811 2508 τοῦτο
830 2466 902 2523 μὲν
925 2466 996 2508 καί
1018 2481 1079 2507 τοι
1098 2465 1155 2522 μὴ
1172 2464 1363 2521 ψηφισθὲν
1381 2490 1394 2513 ,
1418 2464 1456 2506 ἐν
1484 2466 1612 2506 πᾶσιν
1627 2497 1637 2515 ,
1652 2465 1704 2513 ὣς
1728 2463 1881 2516 εἰπεῖν,
1903 2465 1986 2513 τοῖς
2009 2464 2120 2506 ἔτεσι

367 2542 463 2599 πρός
488 2559 594 2592 τινος
615 2550 694 2585 τῶν
721 2541 786 2586 ἀεὶ
814 2547 1147 2601 στρατηγοῦντων
1172 2542 1365 2600 ἐγίγνετο.

431 2613 801 2672 Sandaliarium.
842 2613 919 2659 Sic
946 2613 1127 2659 dictum
1151 2629 1178 2658 a
1200 2614 1305 2658 vico
1339 2613 1646 2658 Sandaliario
1660 2645 1674 2667 ‚
1708 2612 1769 2658 ad
1801 2611 2116 2658 differentiam

367 2690 562 2736 alterius
603 2691 839 2753 Apollinis
872 2691 1118 2747 Palatini,-
1153 2699 1279 2736 auct.
1315 2690 1592 2748 Panciroll.,
1622 2692 1683 2736 de
1719 2706 1803 2736 x1v
1838 2707 1932 2752 reg.
1970 2706 2085 2735 rom.
2102 2723 2116 2744 ‚

366 2783 413 2828 p.
451 2768 495 2813 6.
531 2769 682 2814 Suum
705 2776 864 2814 autem
895 2784 1074 2814 nomen
1097 2767 1210 2815 inde
1234 2767 1403 2814 habuit
1427 2768 1558 2813 vicus
1589 2768 1949 2823 Sandaliarius,
1983 2766 2118 2829 quod

368 2845 413 2889 in
440 2860 498 2889 eo
520 2844 791 2891 habitarent
813 2846 1111 2891 Sandaliarii
1132 2861 1215 2892 seu
1238 2847 1566 2891 sandaliorum
1595 2843 1813 2891 artifices.

437 2924 495 2966 In
519 2922 869 2969 restitutionem.
900 2921 1027 2981 Dio,
1050 2938 1138 2980 nv,
1170 2937 1228 2983 p.
1262 2920 1355 2968 556
1382 2939 1395 2968 ε
1422 2921 1678 2989 ἐμπρησμοῦ
1708 2926 1757 2973 δὲ
1786 2930 1887 2973 ποτὶ
1909 2931 1956 2971 τὸ
1987 2929 2123 2970 παλά-

366 3023 448 3049 τιον
488 3003 821 3065 διαφθείραντος,
861 3007 932 3050 καὶ
965 3013 1124 3051 πολλῶν
1161 3009 1273 3065 αὐτῷ
1319 3008 1453 3051 πολλὰ
1491 3004 1716 3061 διδόντων,
1743 3003 1860 3050 οὐδὲν
1893 3004 2064 3054 naga,
2091 3007 2116 3053 ἢ

370 3073 486 3142 μόνον
517 3085 632 3143 παρὰ
664 3086 737 3144 μὲν
760 3091 841 3128 τῶν
860 3082 1005 3144 δήμων
1035 3090 1228 3143 χρυσοῦν·
1257 3085 1374 3143 παρὰ
1403 3082 1453 3128 δὲ
1474 3092 1554 3129 τῶν
1581 3082 1754 3128 ἰδιωτῶν
1781 3082 1986 3143 δραχμήν.

435 3157 670 3201 Decurioe.
696 3157 754 3201 In
779 3155 956 3218 quibus
980 3155 1298 3202 censebantur
1321 3155 1528 3215 librarii,
1551 3156 1742 3214 scribae,
1766 3155 1979 3213 lictores,
2011 3153 2118 3199 via-

368 3241 520 3291 tores,
544 3234 924 3280 nomenclatores
947 3242 995 3280 et
1030 3232 1215 3279 accensi
1244 3233 1606 3296 magistratuum
1640 3248 1960 3281 romanorum.
1996 3229 2120 3275 Vide

369 3311 538 3356 Vnus.
565 3311 626 3357 ad
655 3310 884 3357 Ammian.
919 3311 1130 3357 Marcell.
1146 3344 1160 3369 ,
1185 3326 1343 3356 xxvm
1360 3348 1372 3370 ‚
1397 3311 1443 3357 6.
1470 3312 1542 3359 Cf.
1576 3314 1704 3358 Lus.
1739 3319 1787 3358 et
1819 3311 2021 3357 Eunus-r.
2059 3306 2122 3351 ad

369 3386 515 3433 Tacit.
532 3422 545 3445 ,
580 3391 758 3433 Annal.
773 3422 787 3444 ,
815 3404 917 3433 ¹111
937 3423 951 3446 ,
984 3403 1043 3446 27
1059 3423 1073 3446 ‚
1098 3404 1123 3433 a
1149 3389 1217 3433 Cl.
1249 3390 1377 3433 Hase
1401 3388 1578 3435 citatos.
2107 3377 2113 3384 ⁸

2359 3403 2361 3411 ⁴
2349 3350 2363 3378 “³
2344 3264 2362 3321 ‘⁴³²'
2341 2723 2372 3241 *mmmmm-2*
2352 2563 2372 2723 :ann-av.-
2370 2535 2372 2543 .
2368 2499 2372 2501 .
2369 2447 2372 2451 .
