2372 3918
718 296 928 344 runm
962 292 1264 340 Tmarii
1302 292 1473 337 vin.
1875 308 1962 350 ω,

238 426 433 478 canus,
464 405 559 483 qui
590 423 622 460 a
652 400 909 460 Terentio
954 416 1245 476 personam
1287 406 1606 468 mutuatus,
1653 417 1775 474 quae
1816 395 1965 454 domi

236 505 442 564 luserat
483 505 632 583 ipse,
667 486 891 561 nomine
920 495 1069 557 illius
1110 497 1167 554 in
1208 516 1430 554 scenam
1474 494 1689 552 detulit.
1720 520 1748 551 n
1778 498 1967 575 Nepos

236 618 462 665 auctore
489 616 643 663 certo
673 600 1003 679 comperisse
1025 618 1082 655 se
1109 599 1215 670 ait,
1243 599 1307 656 C.
1334 594 1568 655 Laelium
1600 595 1883 672 quondam
1912 599 1969 654 in

236 705 543 764 Puteolano
574 701 820 763 kalendis
854 700 1066 759 martiis
1101 697 1449 756 admonitum
1484 695 1555 752 ab
1587 715 1791 764 uxore,
1827 709 1967 752 tem-

235 809 427 886 porius
447 818 508 864 ut
521 802 917 874 discumberet,
950 800 1171 878 petiisse
1198 798 1371 871 aben,
1397 817 1467 853 ne
1496 793 1968 873 interpellaretur:

237 908 410 965 serius
441 904 662 965 tandem
686 903 995 981 ingressum
1026 897 1328 957 triclinium
1350 897 1576 969 dixisse,
1606 910 1717 952 non
1750 916 1890 973 saepe
1912 897 1971 952 in

237 1005 529 1064 scribendo
563 1004 736 1082 magis
781 1001 1106 1060 successisse
1156 999 1261 1056 sihi
1295 1021 1308 1055 ε
1348 996 1548 1055 deinde
1585 1008 1841 1075 rogatum
1862 1040 1877 1066 ‚
1910 1008 1972 1052 ut

234 1106 438 1184 scripta
465 1103 559 1162 illa
591 1103 890 1183 proferret,
933 1101 1331 1180 pronunciasse
1366 1118 1553 1155 versus
1573 1139 1589 1169 ,
1624 1096 1719 1173 qui
1757 1109 1886 1153 sunt
1916 1096 1973 1152 in

240 1206 866 1264 Heautontimorumeno
900 1224 913 1259 ε

359 1317 486 1366 satis
513 1318 598 1380 pol
626 1325 851 1379 proterve
870 1331 947 1363 me
975 1316 1082 1378 Syri
1111 1314 1344 1378 promissa
1365 1314 1458 1360 huc
1479 1311 1783 1359 induxerunt.

315 1426 415 1481 lv.
441 1424 641 1481 Santra
655 1421 981 1480 Terentium
1004 1420 1307 1492 existimat,
1333 1419 1379 1475 si
1408 1414 1576 1476 modo
1601 1416 1659 1473 in
1681 1413 1971 1473 scribendo

236 1523 586 1602 adjutoribus
630 1521 965 1601 indiguerit,
992 1541 1106 1578 non
1140 1533 1252 1578 tam
1297 1518 1555 1598 Scipione
1593 1529 1649 1574 et
1688 1514 1860 1574 Laelio
1893 1516 1976 1572 uti

237 1625 511 1702 potuisse,
544 1624 642 1701 qui
683 1635 820 1680 tunc
858 1618 1255 1679 adolescentuli
1294 1602 1478 1690 fuere,
1528 1638 1695 1695 quam
1727 1614 1972 1694 Sulpicio

236 1722 432 1796 Gallo,
459 1723 685 1781 homine
717 1722 913 1794 docto,
951 1734 1007 1781 et
1036 1721 1134 1798 qui
1166 1718 1552 1778 consularibus
1582 1716 1725 1775 ludis
1753 1717 1974 1774 initium

237 1823 424 1882 fecerit
450 1821 764 1889 fabularum
788 1821 1097 1881 dandarum
1130 1843 1146 1879 ε
1178 1820 1266 1879 vel
1291 1822 1364 1896 Q.
1394 1819 1566 1878 Fabio
1600 1817 1891 1889 Labeone,
1924 1830 1979 1873 et

235 1927 313 1984 M.
333 1920 896 2003 Popillio,·consulari
921 1935 1159 2000 utroque
1173 1965 1189 1995 ,
1208 1942 1273 1979 ac
1297 1933 1479 2000 poeta.
1498 1919 1630 1976 Ideo
1662 1920 1846 1996 ipsum
1862 1938 1976 1974 non

231 2026 462 2105 juvenes
489 2023 838 2104 designasse,
864 2025 961 2103 qui
990 2044 1047 2084 se
1076 2022 1356 2101 adjuvisse
1386 2021 1740 2091 dicerentur3
1773 2019 1869 2076 sed
1900 2020 1979 2075 vi-

235 2146 357 2198 ros,
389 2145 629 2203 quorum
661 2144 894 2203 operam
936 2137 990 2182 et
1021 2125 1079 2180 in
1112 2122 1262 2181 bello
1283 2166 1299 2196 ,
1331 2134 1385 2180 et
1415 2123 1473 2179 in
1513 2121 1628 2179 otio
1650 2164 1666 2195 ,
1702 2133 1757 2177 et
1788 2120 1845 2176 in
1879 2140 1977 2177 ne-

237 2226 390 2304 gotio
417 2223 661 2305 populus
693 2225 765 2281 sit
791 2235 1063 2303 expertus,
1099 2227 1233 2282 Post
1261 2221 1437 2281 editas
1473 2221 1770 2281 comoedias
1788 2264 1803 2293 ,
1836 2241 1976 2277 non-

237 2324 373 2383 dum
403 2326 661 2404 quintum
687 2336 853 2403 atque
885 2324 1226 2381 tricesimum
1261 2343 1511 2403 egressus
1542 2343 1781 2396 annum,
1814 2342 1976 2379 causa

238 2425 509 2483 evitandae
528 2425 834 2505 opinioniS‚
859 2426 991 2502 quia
1015 2423 1308 2481 videbatur
1333 2421 1512 2480 aliena
1536 2444 1639 2502 pro
1664 2423 1777 2480 suis
1796 2422 1978 2495 edere,

241 2547 338 2583 seu
383 2526 727 2606 percipiendi
766 2527 1094 2586 Graecorum
1144 2525 1426 2597 instituta,
1475 2543 1796 2601 moresque,
1839 2544 1979 2601 quos

241 2626 473 2704 perinde
505 2628 836 2705 exprimeret
867 2628 924 2684 in
959 2626 1200 2704 scriptiS,
1229 2646 1478 2704 egressus
1511 2625 1716 2683 Urbem
1744 2637 1849 2696 est,
1881 2645 1978 2681 ne-

241 2748 350 2804 que
377 2726 614 2806 amplius
643 2727 824 2785 rediit.
857 2730 945 2786 De
970 2738 1149 2785 morte
1179 2727 1298 2804 ejus
1328 2724 1616 2783 Volcatius
1653 2725 1822 2783 tradit
1858 2747 1869 2780 ε

469 2848 566 2895 Sed
586 2857 637 2895 ut
659 2848 777 2896 Afer
799 2863 881 2896 sex
903 2848 1086 2910 populo
1120 2847 1270 2894 edidit
1303 2847 1559 2894 comoedias
1575 2882 1587 2905 ‚

467 2927 564 2973 Iter
583 2925 695 2973 hinc
715 2927 766 2973 in
793 2925 955 2974 Asiam
980 2925 1102 2972 fecit.
1126 2925 1297 2972 Navim
1327 2941 1471 2987 quum
1493 2926 1638 2971 semel

470 3005 783 3066 Conscendit,
806 3003 930 3051 visus
963 3019 1207 3066 nunquam
1241 3011 1324 3050 est.
1354 3003 1431 3050 Sic
1462 3003 1557 3049 vita
1581 3012 1729 3050 vacat.

325 3113 395 3169 V.
431 3111 503 3186 Q
521 3110 827 3170 Cosconius
857 3109 1175 3168 redeuntem
1209 3130 1239 3167 e
1261 3110 1477 3168 Graecia
1510 3112 1716 3188 perisse
1752 3113 1809 3167 iu
1842 3113 1975 3167 mari

246 3212 380 3270 dicit
400 3233 528 3270 cum
556 3224 780 3270 centum
801 3224 855 3269 et
878 3224 1005 3269 octo
1035 3210 1263 3286 fabulis,
1291 3212 1570 3268 conversis
1597 3232 1627 3268 e
1651 3211 1978 3268 Menandro.

248 3315 469 3386 Ceteri,
500 3326 783 3372 mortuum
807 3335 922 3371 esse
953 3315 1008 3370 in
1041 3314 1286 3372 Arcadiae
1316 3313 1677 3392 Stymphalo,
1708 3316 1818 3370 sive
1845 3317 1980 3372 Leu-
