2372 3918
924 276 1256 325 CALIGULA.
1859 276 1950 324 165

244 387 495 460 demum,
531 385 643 442 fato
678 383 952 454 functum,
991 379 1169 458 palam
1204 379 1409 436 facturn
1444 392 1526 436 est
1550 425 1566 451 ,
1602 402 1713 438 non
1744 381 1951 440 solatiis

242 486 366 544 ullis
384 531 400 559 ,
429 507 541 544 non
566 483 753 542 edictis
786 480 1023 537 inhiberi
1054 478 1233 536 luctus
1262 477 1515 557 publicus
1543 483 1754 558 potuit,
1779 482 1947 539 dura·

246 588 435 664 vitque
485 585 647 642 etiam
685 602 782 660 per
819 579 983 636 festos
1026 578 1327 636 decembris
1368 579 1569 636 mensis
1607 579 1736 637 dies.
1781 584 1952 640 Auxit

243 686 473 765 gloriam
514 681 973 756 desideriumque,
999 678 1245 736 defuncti
1291 677 1453 737 etiam
1500 680 1756 736 atrocitas
1804 682 1949 739 inse-

241 786 523 863 quentium
559 794 901 859 temporum,
933 779 1143 835 cunctis
1182 798 1283 834 nec
1319 790 1525 835 temere
1557 779 1914 858 opinantibus
1935 824 1951 854 ,

241 885 542 943 reverentia
562 883 678 960 ejus
701 901 765 938 ac
787 891 939 937 metu
962 899 1266 955 repressam
1287 878 1492 935 Tiberii
1518 879 1806 951 saevitiam,
1828 902 1950 958 quae

240 1006 366 1043 mox
398 983 656 1062 eruperit.

317 1088 439 1143 VII.
473 1083 682 1141 Habuit
706 1083 763 1138 in
792 1080 1139 1138 matrimonio
1167 1081 1558 1159 Agrippinam,
1581 1084 1662 1139 M.
1691 1081 1950 1161 Agrippae

239 1199 295 1243 et
323 1182 478 1242 Juliae
510 1182 712 1256 filiam,
746 1195 800 1239 et
834 1202 900 1238 ex
933 1202 996 1238 ea
1034 1202 1232 1238 novem
1266 1180 1467 1238 liberos
1502 1181 1630 1238 tulit
1665 1204 1678 1239 ε
1713 1204 1950 1260 quorum

240 1286 352 1343 duo
383 1284 617 1342 infantes
644 1283 824 1340 adhuc
855 1283 1029 1360 rapti,
1059 1302 1201 1338 unus
1226 1282 1337 1360 jam
1368 1303 1720 1360 puerascens,
1750 1284 1953 1363 insigni

245 1386 563 1455 festivitate,
601 1383 756 1460 cujus
786 1382 1022 1461 effigiem
1052 1382 1245 1439 habitu
1278 1382 1569 1460 Cupidinis
1602 1385 1659 1440 in
1693 1384 1807 1440 aede
1841 1387 1950 1442 Ca-

242 1484 484 1563 pitolinae
510 1483 741 1542 Veneris
772 1483 929 1541 Livia
959 1482 1245 1539 dedicavit.
1291 1484 1570 1561 Augustus
1606 1484 1661 1540 in
1696 1483 1953 1541 cubiculo

245 1607 345 1643 suo
389 1585 622 1663 positam
645 1626 660 1655 ,
704 1583 1138 1660 quotiescunque
1183 1582 1471 1655 introiret,
1517 1582 1950 1641 exosculabatur.

241 1685 424 1742 Ceteri
470 1683 785 1761 superstites
827 1683 971 1759 patri
1009 1682 1247 1738 fuerunt.
1288 1685 1421 1738 Tres
1461 1703 1622 1740 sexus
1665 1684 1953 1756 feminini,

239 1783 576 1861 Agrippina,
612 1779 889 1854 Drusilla,
927 1779 1154 1853 Livilla,
1191 1782 1455 1838 continuo
1495 1784 1734 1838 triennio
1766 1794 1906 1839 natae
1937 1804 1950 1838 t

240 1882 470 1939 totidem
503 1902 707 1955 mareS,
742 1882 892 1940 Nero
925 1892 979 1937 et
1010 1883 1227 1938 Drusus
1261 1893 1316 1938 et
1344 1883 1406 1939 C.
1443 1875 1953 1940 CaesarsNeronem

241 1997 295 2040 et
315 1987 562 2041 Drusum
586 1995 828 2056 senatuS,
843 1982 1062 2039 Tiberio
1093 1983 1442 2057 criminante,
1464 1984 1648 2040 hostes
1663 1983 1949 2061 judicavit.

320 2086 474 2141 VIII.
503 2085 567 2140 C.
595 2086 776 2142 Caesar
799 2096 960 2140 natus
993 2095 1074 2140 est
1098 2082 1275 2161 pridie
1306 2080 1566 2141 kalendas
1593 2085 1951 2162 septembres,

237 2196 391 2261 patre
419 2205 519 2240 suo
545 2195 600 2240 et
626 2186 688 2241 C.
719 2184 947 2240 Fonteio
983 2185 1253 2261 Capitone
1288 2183 1619 2241 consulibus.
1648 2185 1761 2242 Ubi
1791 2197 1952 2241 natus

237 2284 337 2356 sit,
367 2284 638 2340 incertum
673 2282 960 2340 diversitas
994 2283 1328 2340 tradentium
1357 2283 1505 2342 facit.
1544 2287 1647 2343 Cn.
1682 2283 1953 2342 Lentulus

238 2382 535 2442 Gaetulicus
566 2383 758 2440 Tiburi
795 2384 1041 2461 genitum
1073 2383 1292 2457 scribit;
1331 2383 1540 2440 Plinius
1574 2383 1859 2442 Secundus
1895 2385 1953 2440 in

235 2485 524 2555 Treveris,
566 2485 690 2540 vico
737 2483 1055 2541 Anibiatino
1079 2527 1095 2558 ,
1137 2505 1302 2561 supra
1350 2484 1703 2541 Confluentes
1745 2504 1757 2540 :
1796 2483 1955 2540 addit

241 2584 403 2640 etiam
435 2605 536 2661 pro
571 2596 927 2662 argumentO,
960 2605 1079 2640 aras
1117 2585 1192 2640 ibi
1225 2583 1475 2653 ostendi,
1505 2585 1828 2661 inscriptaS,
1865 2585 1953 2640 ΟΒ

240 2686 577 2741 AGR1PP1NAE
607 2686 1010 2742 Punnpnmtm.
1041 2681 1311 2741 Versiculi
1332 2726 1348 2757 ,
1384 2684 1688 2760 imperante
1724 2704 1851 2740 mox
1889 2703 1954 2739 eo

239 2782 528 2861 divulgati,
552 2782 699 2860 apud
729 2783 986 2839 hibernas
1017 2782 1258 2862 legiones
1288 2796 1638 2861 procreatum
1666 2783 1913 2843 indicant
1937 2804 1951 2839 ε

399 2904 457 2948 In
483 2903 644 2949 castris
669 2911 828 2961 natus,
858 2901 1023 2965 patriis
1050 2902 1253 2948 nutritus
1280 2902 1332 2948 in
1362 2902 1528 2962 armis,

462 2981 566 3025 Jam
599 2979 828 3043 designati
861 2979 1090 3042 principis
1122 2994 1261 3026 omen
1293 2987 1403 3026 erat.

239 3083 358 3159 Ego
393 3082 450 3138 in
477 3084 638 3156 actiS,
668 3084 819 3140 Antii
853 3083 1090 3154 editum,
1117 3083 1353 3139 invenio.
1384 3079 1717 3139 Gaetulicum
1754 3080 1950 3139 refellit

240 3180 450 3238 Plinius
470 3225 485 3253 ,
516 3185 670 3259 quasi
703 3184 991 3240 mentitum
1024 3204 1122 3260 per
1147 3181 1516 3239 adulationem
1536 3224 1552 3251 ‚
1583 3191 1645 3236 ut
1671 3180 1739 3237 ad
1767 3179 1954 3238 laudes

240 3278 455 3356 juvenis
480 3280 812 3360 gloriosique
838 3284 1099 3361 principis
1135 3281 1343 3358 aliquid
1367 3281 1532 3338 etiam
1558 3301 1626 3337 ex
1654 3280 1789 3338 urbe
1815 3284 1953 3338 Her·
