2372 3918
1018 244 1201 290 NERO.
1862 242 1955 302 239

251 359 493 404 mentum
533 363 871 407 menstruum
915 348 1231 425 gratuitum.
1267 350 1338 403 Et
1373 366 1541 423 quum
1584 347 1652 402 ‹lc
1687 344 1952 425 supplicio

248 447 530 523 cujusdam
555 450 731 527 capite
759 447 999 505 damnati
1018 490 1033 518 ‚
1064 459 1126 503 ut
1154 467 1217 503 ex
1257 466 1410 503 more
1436 446 1799 503 subscriberet
1816 489 1834 520 ‚
1858 446 1955 503 ad-

251 560 599 606 monereturt
625 572 653 602 α
669 550 853 623 Quam
872 545 1095 617 vellem,
1110 570 1139 599 υ
1161 546 1371 623 inquit,
1397 569 1426 598 α
1448 545 1653 601 nescire
1678 544 1912 604 litteras!
1932 571 1957 598 »

248 648 456 703 Omnes
501 647 692 705 ordine
737 646 968 706 subinde
1001 667 1064 704 ac
1098 647 1410 704 memoriter
1449 644 1723 702 salutavit.
1759 648 1956 724 Agenti

251 747 459 803 senatui
493 749 692 826 gratias
715 746 1000 826 respondit
1030 767 1044 804 t
1076 771 1103 800 α
1126 748 1314 820 Quum
1341 766 1610 803 meruero.
1635 768 1663 799 ι)
1695 745 1780 803 Ad
1811 762 1959 802 cam-

251 858 455 921 pestres
484 849 895 905 exercitationes
929 868 1052 905 suas
1075 847 1292 904 admisit
1320 858 1375 903 et
1398 845 1611 924 plebem
1650 866 1664 902 z
1699 843 1960 902 declama·

248 946 434 1022 vitque
461 948 656 1026 saepius
683 947 898 1026 publice
929 969 942 1005 ε
968 948 1222 1005 recitavit
1261 960 1318 1004 et
1346 948 1589 1003 carmina
1607 990 1622 1011 ‚
1649 966 1763 1002 non
1794 945 1960 1002 modo

247 1044 429 1119 domi,
462 1046 557 1103 sed
588 1048 646 1103 in
677 1048 924 1123 theatrO,
955 1060 1106 1105 tanta
1133 1048 1510 1104 universorum
1543 1045 1765 1119 laetitia,
1796 1057 1861 1102 ut
1888 1046 1959 1101 ob

248 1146 617 1203 recitationem
651 1147 978 1226 supplicatio
1009 1148 1224 1205 decreta
1259 1149 1363 1219 sit,
1395 1166 1566 1224 eaque
1600 1167 1726 1224 pars
1761 1148 1959 1202 carmi·

248 1266 379 1302 num
408 1248 586 1304 aureis
614 1247 809 1306 litteris
836 1249 958 1306 Jovi
984 1247 1296 1327 Capitolino
1323 1248 1518 1305 dicata.

326 1350 427 1404 XI.
470 1348 919 1426 Spectaculorum
958 1349 1195 1427 plurima
1236 1361 1290 1406 et
1327 1349 1478 1405 varia
1515 1368 1715 1426 genera
1744 1346 1916 1405 edidit
1944 1367 1959 1404 ε

250 1446 568 1520 Juvenales‚
602 1450 892 1523 circenseS,
934 1450 1175 1507 scenicos
1207 1448 1391 1522 ludos,
1422 1447 1805 1527 gladiatorium
1844 1469 1963 1504 mu-

253 1568 373 1604 nus.
393 1549 745 1606 Juvenalibus
779 1571 932 1608 senes
957 1571 1176 1628 quoque
1198 1547 1509 1607 consulares
1525 1594 1541 1620 ‚
1574 1569 1819 1625 anusque
1842 1569 1960 1605 ma-

250 1658 434 1704 tronas
464 1651 669 1727 recepit
696 1650 764 1706 ad
796 1649 993 1708 lusum.
1018 1651 1369 1708 Circensibus
1402 1648 1519 1706 loca
1547 1650 1717 1726 equiti
1754 1660 1962 1706 secreta

247 1768 279 1804 a
307 1748 504 1805 ceteris
539 1750 731 1806 tribuit
753 1770 765 1806 :
788 1750 1169 1827 commisitque
1196 1751 1360 1806 etiam
1387 1746 1720 1805 camelorum
1744 1747 1962 1825 quadri-

247 1868 359 1926 gas,
383 1848 556 1905 Ludis
573 1892 587 1920 ‚
619 1870 756 1927 quos
789 1870 891 1928 pro
917 1844 1218 1907 aeternitate
1234 1848 1447 1926 imperii
1475 1859 1753 1925 susceptos
1774 1846 1962 1924 appel·

247 1946 345 2005 lari
370 1951 661 2008 Maxc‘mos
691 1949 898 2022 voluit,
932 1972 998 2008 ex
1021 1963 1256 2028 utroque
1278 1950 1471 2007 ordine
1490 1961 1544 2006 et
1562 1970 1692 2006 sexu
1714 1947 1962 2026 plerique

246 2047 483 2106 ludicras
516 2063 698 2128 partes
729 2052 1122 2109 sustinuerunt.
1153 2050 1482 2108 Notissimus
1509 2070 1673 2128 eques
1703 2070 1960 2107 romanus

247 2147 536 2226 elephanto
574 2151 928 2228 supersedens
968 2172 1066 2230 per
1106 2134 1482 2209 catadromum
1514 2150 1840 2208 decucurrit.
1871 2153 1961 2207 In-

246 2249 411 2306 ducta
436 2262 517 2307 est
538 2263 593 2307 et
625 2251 834 2311 Afranii
865 2264 1078 2331 togata,
1107 2273 1228 2330 quae
1257 2251 1581 2310 Incendium
1615 2251 1959 2324 inscribitur3

247 2369 705 2427 concessumque,
740 2364 803 2408 ut
831 2352 1027 2409 scenici
1063 2352 1303 2409 ardentis
1343 2352 1539 2408 domus
1567 2349 1959 2429 supellectilem

247 2448 579 2526 diriperent,
611 2471 675 2507 ac
713 2451 815 2508 sibi
857 2452 1138 2509 haberent.
1168 2454 1371 2530 Sparsa
1403 2463 1460 2508 et
1492 2450 1700 2530 populo
1738 2449 1959 2507 missilia

248 2550 494 2606 omnium
531 2572 717 2608 rerum
748 2573 848 2630 per
873 2573 1063 2610 omnes
1093 2552 1205 2609 dies
1240 2573 1254 2610 z
1288 2552 1503 2631 singula
1523 2551 1768 2630 quotidie
1790 2550 1961 2609 millia

248 2650 432 2706 avium
472 2652 738 2728 cujusque
769 2654 1017 2731 generiS,
1049 2651 1334 2731 multiplex
1366 2674 1565 2731 penus,
1599 2665 1807 2710 tesserae
1845 2651 1960 2709 fru-

250 2750 530 2806 mentariae
549 2793 564 2821 ,
601 2751 800 2819 vestis,
839 2771 1032 2808 aurum
1052 2793 1067 2821 ,
1098 2765 1420 2830 argentum,
1454 2773 1711 2831 gemmae,
1741 2773 1958 2830 marga-

247 2851 395 2923 ritae,
439 2849 635 2907 tabulae
677 2852 867 2928 pictae‚
913 2852 1215 2930 mancipia,
1254 2852 1536 2929 jumenta,
1587 2864 1751 2930 atque
1791 2853 1955 2908 etiam

248 2963 538 3007 mansuetae
568 2950 719 3021 ferae3
748 2952 1038 3008 novissime
1065 2972 1229 3008 naves
1248 2994 1263 3023 ,
1294 2950 1507 3022 insulae,
1541 2953 1676 3031 agri.

328 3055 454 3108 XII.
478 3055 591 3108 Hos
619 3050 774 3108 ludos
794 3053 1059 3130 spectavit
1085 3072 1115 3108 e
1145 3053 1413 3130 proscenii
1445 3051 1675 3131 fastigio
1695 3055 1955 3126 Munere,

248 3153 396 3230 quod
427 3154 481 3208 in
509 3152 912 3229 amphitheatro
944 3151 1126 3232 ligneo
1145 3197 1160 3226 ,
1189 3154 1409 3232 regione
1435 3154 1624 3210 Martii
1668 3153 1846 3231 campi
1882 3153 1957 3209 in·

250 3266 333 3310 tra
358 3254 486 3310 anni
520 3253 753 3330 spatium
784 3252 1044 3309 fabricato
1063 3297 1078 3325 ‚
1108 3252 1289 3323 dedit,
1319 3253 1592 3310 neminem
1624 3252 1853 3324 occidit,
1888 3273 1957 3309 nc
