2372 3918
134 2896 181 2977 ’,ὁ

437 312 498 358 68
1119 314 1167 359 C.
1200 315 1495 361 SUETONII

433 439 464 474 e
493 417 710 475 diverso
728 439 934 496 ¹magna
965 440 1105 496 saepe
1131 440 1242 475 non
1269 419 1617 475 abstinentiae
1642 418 1839 494 modo,
1873 422 1967 478 sed
1997 423 2164 480 etiam

434 516 834 585 liberalitatis,
866 521 1254 596 experimenta.
1305 522 1517 576 Omnes
1567 521 1710 577 circa
1756 540 1813 577 se
1862 520 2166 601 largissime

434 621 790 696 prosecutus,
827 620 996 676 nihil
1025 621 1178 697 prius
1227 632 1324 677 aut
1376 621 1558 677 acrius
1590 623 1841 695 monuit,
1882 624 2051 699 quam
2098 645 2177 680 ne¹
2229 688 2241 697 f

432 719 565 797 quid
601 719 821 777 sordide
868 720 1122 776 facerent.
1168 719 1403 778 Relictas
1437 722 1541 779 sibi
1578 721 1910 779 hereditates
1952 723 2020 779 ab
2053 725 2127 780 iis
2152 768 2168 797 ,

431 820 632 897 quibus
663 819 820 876 liberi
850 833 1049 890 erant,
1069 841 1182 876 non
1231 823 1455 899 recepit.
1485 824 1753 900 Legatum
1783 823 1947 879 etiam
1983 844 2065 880 ex
2094 836 2170 880 te·

432 933 702 977 stamento
745 922 915 977 Rusci
961 922 1265 999 Caepionis,
1299 923 1394 998 qui
1439 935 1686 995 caverat,
1718 947 1745 975 ι(
1775 934 1838 979 ut
1868 925 2168 1000 quotannis

431 1022 866 1099 ingredientibus
899 1024 1128 1080 Curiam
1158 1023 1504 1079 senatoribus
1532 1036 1740 1080 certam
1773 1045 2046 1081 summam
2081 1026 2163 1081 vi-

430 1123 601 1177 ritim‘
624 1126 902 1199 praestaret
944 1123 1100 1178 heres
1149 1143 1312 1192 suus,
1340 1146 1367 1174 »
1416 1123 1646 1179 irritum*
1678 1123 1823 1180 fecit.
1862 1104 2034 1197 Reos,
2070 1126 2166 1201 qui

430 1235 557 1278 ante
590 1224 1030 1299 quinquennium
1074 1224 1387 1299 proximum
1409 1222 1565 1300 apud
1593 1224 1847 1280 aerarium
1879 1225 2166 1301 pependis-

431 1335 574 1393 sent,
596 1324 885 1379 universos
907 1321 1223 1378 discrimine
1244 1322 1524 1395 liberavit3
1549 1343 1650 1379 nec
1666 1324 1866 1400 repeti,
1891 1325 1996 1380 nisi
2017 1325 2162 1380 intra

430 1424 670 1496 annum,
705 1444 878 1501 eaque
908 1422 1255 1495 conditione,
1286 1423 1565 1501 permisit,
1598 1435 1672 1479 ut·
1693 1425 2034 1497 accusatori,
2064 1425 2174 1500 ‘qui

429 1545 650 1581 causam
683 1545 797 1580 non
828 1535 1038 1580 teneret
1057 1568 1071 1594 ,
1102 1522 1356 1579 exsilium
1382 1534 1553 1599 poena⁴
1573 1535 1730 1579 esset.
1768 1524 1988 1580 Scribas
2019 1545 2169 1601 quae-

429 1625 663 1697 storiOS,
712 1625 1069 1702 negotiantes·
1100 1645 1167 1680 ex
1199 1622 1634 1696 consuetudine,
1670 1622 1763 1680 sed
1795 1629 2002 1681 ‘contra
2028 1623 2174 1681 Clo--

433 1725 596 1782 diam·
622 1725 828 1804 legem,
875 1726 1034 1781 venia
1074 1726 1133 1781 in
1179 1725 1518 1802 praeteritum
1566 1724 1808 1781 donavit.
1851 1726 2166 1799 Subsiciva',

429 1847 552 1903 quae
587 1827 774 1883 divisis
805 1847 904 1904 per
929 1838 1219 1882 veteranos
1253 1825 1430 1903 agriS,
1472 1826 1703 1902 carptim
1735 1825 2165 1903 superfuerunt,

428 1928 710 2004 veteribus
746 1926 1177 2004 possessoribUS,
1204 1938 1268 1981 ut
1297 1932 1593 2002 nsucapta,
1614 1926 2165 1984 concessit.·Fiscales

430 2028 736 2085 calumnias
771 2049 975 2106 magna
1007 2025 1469 2083 calumniantium
1499 2047 1663 2103 poena
1686 2028 1953 2103 vrepressit
1985 2034 2002 2083 τ’
2031 2028 2166 2085 fere-

426 2130 699 2205 baturque
722 2149 831 2185 vox
861 2129 977 2206 ejus
1010 2150 1023 2183 ε
1057 2153 1084 2181 ι(
1107 2128 1368 2204 Princeps
1387 2171 1401 2200 ,
1432 2128 1527 2204 qui
1563 2116 1833 2184 delatores
1861 2149 1973 2185 non
2000 2132 2163 2187 casti·

428 2242 552 2306 gat,
583 2230 783 2285 irritat.
805 2253 833 2282 2>
1464 2235 1468 2238 ’

510 2332 583 2387 Χ.
623 2330 731 2387 Sed
761 2351 940 2407 neque
965 2331 1024 2386 in
1055 2328 1387 2403 clementiae,
1419 2349 1596 2406 neque
1623 2330 1680 2386 in
1711 2329 2054 2387 abstinentia}
2086 2344 2162 2388 te-

433 2452 569 2487 nore
597 2431 902 2509 permansit
927 2452 939 2486 :
968 2442 1022 2486 et
1043 2443 1224 2487 tamen
1251 2429 1535 2507 aliquanto
1555 2428 1783 2486 celerius
1799 2429 1876 2485 ad
1900 2431 2163 2486 saevitiam

429 2531 686 2604 descivit,
711 2553 879 2608 quam
908 2531 978 2588 ad
1011 2531 1391 2607 cupiditatem.
1416 2529 1765 2607 Discipulum
1789 2530 2009 2586 Paridis
2025 2552 2163 2609 pan-

426 2633 642 2687 tomimi
659 2632 1002 2710 impuberem
1022 2631 1223 2703 adhuc,
1246 2642 1301 2686 et
1315 2651 1486 2707 quum
1511 2631 1748 2686 maxime
1765 2640 1989 2708 aegrum,
2009 2630 2159 2707 quod

425 2744 542 2788 arte
572 2733 860 2808 formaque
899 2752 1012 2787 non
1061 2729 1324 2787 absimilis
1364 2732 1629 2809 magistro
1662 2729 1979 2800 videbatur,
2013 2731 2158 2786 occi-

426 2832 509 2889 dit
542 2855 555 2889 :
586 2834 717 2889 item
744 2836 1148 2910 Hermogenem
1178 2835 1527 2903 Tarsensem,
1555 2842 1781 2909 propter
1806 2830 2071 2907 quasdam
2102 2830 2157 2884 in

425 2934 654 2990 historia
686 2934 917 3012 figuras3
949 2933 1188 3008 librariis
1219 2920 1417 3005 etiam,
1446 2933 1539 3009 qui
1568 2953 1697 2999 ¹eam
1731 2931 2154 3009 descripserant,

426 3036 577 3091 cruci
618 3033 757 3090 fixis.
792 3032 1274 3106 PatremfamiliaS,
1308 3032 1458 3110 quod
1484 3057 1510 3085 «
1533 3023 1803 3089 Threcem
1831 3029 2154 3087 mirmilloni

425 3155 648 3212 parem,
683 3135 1000 3191 munerario
1038 3135 1352 3211 imparem»
1394 3133 1635 3205 dixerat,
1675 3131 1983 3187 detractum
2030 3150 2153 3206 spe-

425 3235 665 3292 ctaculis'
702 3238 773 3292 in¹
798 3241 1049 3306 arenam,
1078 3234 1317 3291 canibus
1363 3234 1594 3311 objecit,
1631 3254 1756 3288 cum
1797 3232 1902 3287 hoc
1941 3228 2101 3285 titulo
2138 3251 2151 3284 :

426 3359 452 3387 «
474 3336 648 3415 Impie
675 3334 892 3392 locutus
920 3333 1304 3413 parmularius
1331 3359 1358 3387 π
1391 3322 1720 3410 Complures
1752 3342 2063 3400 senatores,
2098 3331 2154 3384 in
