2372 3918
1051 266 1269 312 GALBA.
1984 287 1995 315 ι
2017 288 2030 316 ι

300 369 525 429 libertos
557 373 736 451 pretio
766 370 975 441 addici,
1002 383 1100 428 aut
1134 368 1329 427 donari
1363 372 1537 449 gratia
1569 393 1760 449 passus
1794 387 1907 443 est,
1944 398 2036 433 ve-

299 471 555 552 ctigalia,
590 474 959 531 immunitates
978 516 993 542 ,
1021 492 1208 549 poenas
1237 472 1645 545 innocentium,
1679 474 2037 551 impunitates

303 574 613 631 noxiorum.
645 573 800 648 Quin
826 573 989 630 etiam
1013 616 1027 642 ,
1056 571 1266 651 populo
1293 592 1526 630 romano
1558 573 1889 651 deposcente
1911 598 2038 656 sup-

299 673 526 753 plicium
561 674 749 732 Haloti
782 686 838 731 et
876 672 1166 753 Tigellini,
1208 673 1353 731 solos
1390 695 1457 732 ex
1492 675 1755 732 omnibus
1798 679 2037 735 Neronis

296 767 593 834 emissariis
641 774 727 834 vel
785 773 1313 834 maleficentissimos
1362 774 1665 834 incolumes
1716 779 1970 855 praestitit
2023 802 2034 835 :

295 890 463 955 atque
505 878 729 956 insuper
762 875 1026 934 Halotum
1063 878 1456 955 procuratione
1491 876 1833 956 amplissima
1873 900 2037 936 orna-

295 980 387 1036 vit.
411 981 519 1036 Pro
534 973 808 1056 Tigellino
824 980 992 1036 etiam
1010 979 1230 1036 saevitiae
1251 978 1524 1057 populum
1542 979 1821 1058 increpuit
1834 980 2033 1039 edicto.

372 1083 528 1138 XVI.
554 1083 659 1138 Per
692 1080 808 1138 haec
838 1101 1012 1159 prope
1041 1082 1314 1143 universis
1342 1081 1633 1138 ordinibus
1662 1081 1910 1156 offensis,
1946 1083 2034 1141 vel

258 1243 260 1245 ,
293 1182 570 1260 praecipua
609 1180 879 1260 flagrabat
914 1181 1123 1240 invidia
1150 1181 1300 1261 apud
1333 1181 1553 1240 milites,
1584 1185 1731 1241 Nam
1768 1205 1941 1262 quum
1978 1186 2034 1242 in

291 1284 459 1340 verba
482 1283 601 1361 ejus
623 1284 861 1341 absentis
880 1284 1197 1362 Jurantibus
1226 1284 1552 1341 donativum
1579 1285 1843 1364 grandius
1872 1285 2036 1344 solito

291 1385 571 1463 praepositi
606 1386 1099 1464 pronunciassent,
1135 1406 1317 1463 neque
1351 1398 1525 1443 ratam
1563 1407 1680 1443 rem
1718 1387 1947 1461 habuit,
1981 1402 2035 1445 et

292 1487 525 1544 subinde
560 1487 826 1565 jactavit,
862 1512 890 1540 c<
919 1486 1099 1567 legere
1134 1508 1191 1544 se
1223 1486 1454 1544 militem
1476 1531 1491 1561 ,
1527 1509 1637 1545 non
1681 1509 1863 1546 emere
1900 1511 2034 1547 con·

291 1609 489 1646 suesse.
513 1613 542 1642 2>
572 1590 758 1666 Atque
793 1610 859 1645 eo
897 1589 1121 1667 quidem
1159 1590 1383 1646 nomine
1422 1610 1645 1661 omnes,
1687 1591 1782 1667 qui
1833 1590 2036 1668 ubique

290 1703 481 1761 erant,
513 1691 876 1747 exacerbavit.
909 1693 1171 1747 Ceterum
1204 1691 1568 1768 praetorianos
1603 1693 1768 1747 etiam
1803 1704 1953 1748 metu
1982 1705 2036 1749 et

291 1790 622 1870 indignitate
651 1793 980 1862 commovit,
1017 1812 1311 1849 removens
1343 1791 1577 1848 subinde
1609 1791 1940 1870 plerosque,
1975 1806 2036 1850 ut

288 1905 599 1970 suspectOS,
644 1904 700 1949 et
730 1891 1060 1971 Nymphidii
1103 1893 1297 1949 socios,
1340 1892 1447 1950 Sed
1488 1892 1727 1949 maxime
1766 1894 2036 1952 fremebat

289 1995 585 2072 superioris
617 1994 932 2052 Germaniae
960 1994 1258 2068 exercituS,
1292 1992 1536 2051 fraudari
1573 2014 1631 2050 se
1668 1997 1904 2072 praemiis
1938 2018 2033 2053 na·

287 2104 428 2151 vat'ae
475 2094 738 2152 adversus
781 2093 971 2152 Gallos
1012 2107 1067 2151 et
1109 2094 1394 2152 Vindicem
1440 2116 1636 2173 operae.
1676 2099 1829 2175 Ergo
1870 2099 2033 2175 primi

289 2196 615 2274 obsequium
665 2217 922 2274 rumpere
961 2198 1116 2267 ausi,
1160 2194 1405 2253 kalendis
1443 2197 1713 2274 januariis
1752 2198 1900 2277 adigi
1947 2220 2032 2255 sa-

288 2309 603 2369 cramento,
639 2298 746 2353 nisi
791 2299 846 2352 in
887 2318 1091 2353 nomen
1129 2309 1375 2370 senatuS,
1412 2311 1780 2355 recusarunt:
1815 2301 2030 2357 statim·

288 2419 396 2475 que
424 2396 753 2478 legationem
781 2397 849 2454 ad
878 2398 1239 2476 praetorianos
1274 2419 1399 2454 cum
1430 2398 1702 2456 mandatis
1732 2399 2034 2458 destinave-

287 2511 449 2571 runt,
502 2523 529 2552 α
562 2498 849 2577 displicere
900 2500 1289 2576 imperatorem
1339 2500 1396 2555 in
1443 2500 1708 2577 Hispania
1757 2500 1964 2560 factum
2016 2524 2028 2558 ε

286 2600 547 2680 eligerent
575 2602 710 2678 ipsi,
743 2621 911 2679 quem
941 2600 1126 2658 cuncti
1160 2601 1430 2657 exercitus
1461 2601 1909 2679 comprobarent.
1934 2627 1960 2655 »

366 2704 548 2760 XVII.
571 2702 738 2776 Quod
758 2713 820 2758 ut
841 2703 1167 2759 nunciatum
1195 2713 1306 2774 est,
1336 2701 1616 2780 despectui
1639 2723 1757 2759 esse
1779 2724 1891 2759 non
1918 2716 2028 2760 tani

286 2815 560 2862 senectam
595 2824 750 2861 suam
770 2846 786 2875 ,
814 2823 981 2880 quam
1016 2803 1313 2860 orbitatem
1350 2815 1533 2875 ratus,
1566 2804 1820 2861 Pisonem
1859 2806 2027 2884 Frugi

286 2907 669 2977 Licinianum,
719 2902 959 2961 nobilem
1010 2904 1408 2984 egregiumque
1455 2906 1752 2982 juvenem,
1806 2926 1870 2963 ac
1925 2907 2027 2962 sibi

286 3006 420 3064 olim
451 3005 898 3085 probatissimum
922 3050 937 3075 ,
967 3017 1406 3083 testamentoque
1446 3026 1662 3083 semper
1702 3008 1757 3062 in
1794 3006 1941 3064 bona
1975 3020 2028 3064 et

239 3144 243 3148 -
289 3129 491 3164 nomen
524 3107 755 3164 ascitum
776 3150 790 3177 ,
818 3119 1044 3185 repente
1076 3126 1107 3162 e
1135 3106 1313 3163 media
1340 3104 1698 3164 salutantium
1730 3107 1893 3163 turba
1927 3129 2028 3185 ap-

292 3208 613 3287 prehendit3
648 3207 930 3286 filiumque
965 3206 1280 3286 appellanS,
1318 3206 1574 3286 perduxit
1610 3209 1665 3265 in
1710 3221 1887 3266 castra
1910 3252 1924 3277 ,
1964 3229 2029 3265 ac

292 3331 392 3388 pro
431 3311 696 3368 concione
736 3309 1050 3388 adoptavit3
1083 3331 1151 3366 ne
1191 3323 1323 3367 tunc
1368 3308 1590 3387 quidem
1629 3308 1873 3367 donativi
1921 3308 2029 3366 ulla
