2372 3918
766 253 1077 299 OCTAVIUS
1105 252 1441 298 AUGUSTUS.
1870 272 1888 301 ι
1906 255 1957 301 ι3

239 361 466 438 exegita
491 358 747 438 singuliS,
777 377 885 414 non
912 355 1020 412 alio
1048 355 1230 413 datam
1266 374 1536 412 summam
1572 375 1737 430 quam
1768 356 1822 411 iu
1855 377 1967 413 em-

242 460 445 516 tionem
489 457 986 517 Alexandrinarum
1031 458 1296 513 mercium
1342 457 1707 512 absumturos.
1753 457 1859 513 Sed
1917 472 1971 513 et

215 574 451 639 ‚ceteros
482 560 774 618 continuos
804 556 920 614 dies
952 558 1098 614 inter
1130 558 1282 614 varia
1312 554 1668 627 munuscula,
1701 569 1855 636 togas
1889 560 1970 614 in-

242 683 405 739 super
443 682 506 719 ac
545 657 712 739 pallia
755 658 1071 732 distribuit,
1117 658 1235 737 lege
1275 660 1589 738 proposita,
1635 670 1699 714 ut
1735 661 1972 715 Romani

243 766 468 836 Graeco,
514 760 693 820 Graeci
738 762 992 816 Romano
1039 759 1228 816 habitu
1277 771 1333 817 et
1374 780 1626 817 sermone
1667 770 1972 817 uterentur.

243 861 522 942 Spectavit
554 860 773 918 assidue
800 872 854 916 et
884 872 1196 916 exercentes
1226 861 1490 939 epheb08,
1521 882 1758 938 quorum
1795 858 1977 936 aliqua

243 964 424 1021 adhuc
470 964 629 1041 copia
676 983 743 1019 ex
788 974 974 1018 vetere
1019 962 1274 1018 instituto
1321 963 1548 1040 Capreis
1594 974 1726 1018 erat.
1776 961 1978 1018 Iisdem

244 1067 407 1122 etiam
430 1062 656 1143 epulum
681 1065 740 1119 in
765 1074 1062 1141 conspectu
1088 1084 1188 1119 suo
1213 1063 1473 1140 praebuit,
1499 1064 1788 1141 permissa,
1813 1064 1980 1120 immo

245 1178 457 1240 exacta,
475 1164 699 1244 jocandi
720 1162 968 1236 licentia,
993 1163 1399 1243 diripiendique
1419 1185 1716 1243 pomorum
1739 1177 1795 1220 et
1818 1165 1979 1221 obso-

248 1268 471 1324 niorum
497 1286 790 1343 rerumque
817 1263 1122 1321 missilium.
1152 1263 1324 1322 Nullo
1355 1264 1593 1342 denique
1619 1285 1818 1343 genere
1848 1264 1986 1321 hila-

247 1368 423 1425 ritatis
460 1367 741 1424 abstinuit.
776 1365 1031 1423 Vicinam
1070 1366 1296 1443 Capreis
1333 1364 1570 1423 insulam
1603 1360 1986 1439 ’Anpayfinom

250 1467 592 1547 appellabat,
628 1488 661 1524 a
696 1466 904 1523 desidia
933 1465 1306 1524 secedentium
1340 1466 1472 1524 illuc
1510 1488 1540 1524 e
1571 1468 1832 1524 comitatu
1868 1488 1984 1524 suo.

256 1570 365 1627 Sed
396 1590 464 1626 ex
493 1568 707 1626 dilectis
740 1588 948 1640 unum,
978 1568 1283 1645 Masgaban
1317 1570 1570 1639 nomine,
1603 1570 1762 1646 quasi
1794 1567 1986 1625 condi-

256 1684 431 1729 torem
473 1668 697 1743 insulae,
737 1665 975 1740 Κτιστὴν
1017 1688 1215 1724 vocare
1258 1681 1592 1725 consuerat:
1626 1670 1791 1746 hujus
1834 1672 1986 1726 Mas-

254 1772 437 1850 gabae,
468 1782 596 1828 ante
625 1790 834 1826 annum
865 1767 1139 1841 defuncti,
1172 1767 1448 1825 tumulum
1481 1789 1655 1846 quum
1686 1790 1717 1825 e
1751 1767 1990 1824 triclinio

253 1870 730 1929 animadvertisset
768 1889 968 1948 magna
1009 1869 1172 1926 turba
1209 1868 1507 1947 multisque
1544 1868 1846 1926 luminibus
1885 1869 1990 1925 fre-

257 1974 541 2052 quentari,
571 1992 791 2029 versum
823 1971 1192 2049 compositum
1225 1992 1254 2027 e
1287 1982 1533 2050 tempore
1566 1971 1712 2029 clare
1740 1992 1991 2049 pronun-

256 2074 422 2132 ciavit
453 2095 467 2131 ε

483 2201 703 2254 xersen&
733 2202 792 2255 δὲ
817 2203 1000 2263 τύμβον
1025 2203 1182 2265 εἰσορῶ
1208 2203 1510 2267 πυρούμενον·

259 2344 667 2401 conversusque
705 2321 775 2379 ad
811 2322 1160 2400 Thrasyllum
1178 2365 1195 2394 ,
1231 2323 1437 2380 Tiberii
1477 2325 1734 2381 comitem
1752 2368 1767 2397 ,
1805 2336 1996 2380 contra

260 2424 618 2482 accubantem
639 2466 654 2496 ,
702 2435 759 2480 et
805 2425 1062 2502 ignarum
1108 2425 1219 2496 rei,
1268 2425 1629 2501 interrogavit
1647 2468 1662 2497 ,
1709 2426 1995 2501 cujusnam

262 2537 435 2604 poetae
459 2536 685 2603 putaret
710 2544 841 2581 esse.
869 2525 1002 2598 Quo
1029 2524 1341 2594 haesitante,
1371 2525 1601 2601 subjecit
1626 2523 1795 2581 alium
1823 2546 1836 2583 ε

491 2659 638 2726 Ὁρᾷς
661 2662 838 2723 φάσσα-ι
863 2662 1151 2730 Μοισγοὲβοιν
1173 2663 1463 2723 τιμώμενονς

267 2809 330 2845 ac
362 2787 431 2844 de
461 2788 568 2843 hoc
600 2807 821 2864 quoque
851 2787 1145 2852 consuluit.
1183 2791 1378 2863 Quum
1413 2788 1502 2846 ille
1534 2790 1670 2846 nihil
1704 2789 1854 2847 aliud
1891 2812 2001 2847 res-

267 2888 567 2968 ponderet,
619 2908 819 2966 quam,
869 2888 1247 2965 cujuscunque
1296 2903 1507 2963 essent,
1561 2894 1801 2968 optimos
1851 2913 2000 2963 esse,

269 2990 600 3046 cachinnum
650 2986 905 3062 sustulit,
955 3001 1119 3065 atque
1168 2989 1224 3044 in
1268 2989 1424 3066 jocos
1470 2990 1675 3047 effusus
1721 3004 1818 3048 est.
1868 2995 2002 3048 Mox

271 3090 563 3168 Neapolim
596 3090 835 3166 trajecit,
864 3109 1197 3166 quamquam
1230 3093 1393 3146 etiam
1427 3102 1546 3146 tum
1582 3090 1806 3146 infirmis
1841 3092 2005 3146 intes-

273 3191 401 3246 tinis
431 3190 625 3246 morbo
658 3189 903 3246 variante
940 3212 952 3246 :
987 3202 1170 3246 tamen
1202 3202 1256 3246 et
1287 3189 1700 3267 quinquennale
1730 3204 2001 3247 certamen

275 3291 619 3369 gymnicum,
647 3291 845 3346 honori
873 3306 972 3347 suo
1002 3291 1345 3361 institutum,
1374 3291 1767 3368 perspectas-iu
1797 3303 1850 3347 et
1877 3313 2000 3347 cum

516 3411 551 3445 1.
1695 3390 1729 3448 8
