2372 3918
760 269 827 314 rN
862 267 1003 314 ocT.
1041 266 1412 313 AUGUSTUM.
1869 287 1963 332 ους,

284 369 484 414 Mimum
516 368 645 413 vitae.
685 367 751 413 Ut
792 366 842 412 in
871 365 1061 421 Senem,
1099 364 1249 426 Epist.
1283 380 1407 413 Lvnr
1447 382 1457 410 ε
1489 386 1509 406 «
1546 367 1647 414 Nec
1690 366 1817 414 enim
1863 371 1963 415 uuo

213 442 452 491 efficacius
475 442 758 506 exprimitur
786 441 864 508 hic
885 442 1104 487 humana»
1137 441 1244 486 vitae
1280 440 1473 500 mimus,
1513 444 1599 505 qui
1636 444 1777 491 nobis
1806 456 1966 507 partes

213 523 323 581 has,
347 538 465 584 quas
485 522 607 568 male
629 536 850 586 agamus,
875 518 1095 582 assignat.
1115 540 1134 561 »

285 599 572 647 Clausulam.
610 601 815 662 Nempe,
849 597 964 661 quia
1001 597 1256 644 histriones
1289 598 1510 659 plausum
1528 632 1541 657 ,
1585 608 1846 646 extremam
1892 600 1966 645 sa-

211 679 334 725 bulae
357 681 656 734 clausulam,
688 685 852 740 petere
875 676 1107 722 solebant.
1135 676 1332 735 Horat.,
1356 677 1418 722 de
1429 679 1550 724 Arte
1566 688 1702 739 poet.
1717 712 1731 734 ,
1758 695 1804 723 v.
1836 678 1927 726 155
1955 695 1966 723 ε

389 836 401 845 .
422 835 434 846 .
455 835 467 846 .
492 835 504 846 .
522 806 662 845 Donec
683 810 837 852 cantor,
861 814 932 842 vos
950 800 1152 856 plaudite,
1171 801 1292 843 dicat.

208 924 373 969 Senec.
389 957 403 982 ,
434 922 591 984 Epist.
618 935 788 968 Lxxvn
810 937 823 966 ε
849 939 870 962 «
887 918 1018 967 Nihil
1043 918 1105 965 ad
1128 935 1230 965 rem
1252 919 1461 981 pertinet
1487 936 1588 982 quo
1612 923 1722 967 loco
1746 922 1966 982 desinas;

208 1015 516 1063 quocumque
538 1000 670 1046 voles
701 996 866 1045 desine
904 1015 916 1044 :
958 1006 1142 1044 tantum
1177 997 1357 1044 bonam
1401 1000 1658 1054 clausulam
1702 1000 1912 1062 impone.
1949 1024 1966 1041 υ

207 1078 327 1123 Rem
343 1084 504 1124 narrat
527 1076 649 1135 Dio,
674 1091 754 1122 LVI
771 1112 786 1135 ,
803 1092 852 1138 p.
885 1077 980 1138 590
1006 1092 1016 1120 2
1043 1083 1198 1141 Κρότον
1235 1078 1285 1125 δὲ
1319 1078 1374 1130 δή
1402 1100 1497 1126 τινα
1526 1089 1625 1142 παρ’
1661 1086 1795 1128 αὐτῶν
1822 1087 1967 1145 ὁμοίως

206 1164 289 1213 τοῖς
324 1163 628 1221 γελωτοποιοῖς,
651 1164 702 1212 ὡς
736 1161 808 1206 καὶ
841 1160 908 1206 ἐπὶ
942 1161 1067 1221 μίμου
1093 1162 1199 1210 τινὸς
1229 1167 1444 1212 τελευτῆς,
1467 1162 1668 1216 αἰτῆσας,
1709 1164 1781 1206 καὶ
1819 1166 1963 1208 πάντα

206 1242 272 1284 τὸν
304 1246 390 1305 ‘clov—
410 1241 627 1299 ἀνθρώπων
655 1238 739 1284 Εἷον
766 1235 984 1297 ὃιέσκωψε.

272 1323 415 1369 Filia.
448 1323 559 1369 Scil.
582 1322 766 1371 Livilla.

274 1403 332 1447 In
380 1402 565 1446 osculis.
612 1400 904 1447 Morientem
945 1402 1150 1455 osculari
1186 1399 1405 1448 solebant
1448 1399 1589 1445 amici
1638 1409 1688 1447 et
1734 1404 1963 1466 sanguine

206 1476 441 1540 proximi,
458 1477 545 1540 qui
579 1477 792 1525 aderant.
822 1479 990 1543 Senec.
1013 1482 1084 1526 ad
1106 1479 1273 1540 Polyb.
1288 1512 1302 1536 ,
1333 1492 1484 1522 xxxxv
1515 1494 1527 1522 ε
1553 1498 1573 1520 ι
1590 1479 1743 1525 Caesar
1763 1489 1966 1541 patruus

205 1571 367 1614 meus,
397 1558 607 1602 Drusum
641 1556 1004 1617 Germanicum,
1038 1566 1228 1619 patrem
1258 1571 1418 1602 meum
1421 1590 1497 1602 .....
1537 1557 1588 1602 in
1619 1559 1880 1621 ‚complexu
1917 1569 1966 1605 et

208 1634 380 1682 osculis
404 1634 500 1680 suis
523 1633 691 1680 amisit.
709 1654 730 1677 u
1325 1694 1332 1699 ἱ

274 1711 476 1771 Defecit.
502 1712 596 1759 Dio
613 1748 627 1772 ‚
658 1727 763 1771 LVI,
794 1727 843 1774 p.
869 1711 965 1775 589
991 1731 1003 1759 :
1027 1712 1076 1763 ὁ·
1093 1718 1136 1764 δ’
1164 1716 1227 1764 οὖν
1252 1722 1485 1779 Αὔγουστος
1504 1721 1681 1770 νοσήσας
1705 1722 1935 1779 μετήλλαξε
1954 1756 1966 1770 .

205 1797 277 1840 καί
309 1813 402 1840 τινα
424 1781 600 1853 ὑποψίαν
624 1802 695 1840 τοῦ
725 1798 903 1841 θανάτου
928 1800 1052 1843 αὐτοῦ
1076 1802 1105 1847 ἡ
1138 1797 1284 1842 Διουΐα.
1308 1796 1468 1842 ἕλοιῧεν.

273 1868 471 1913 Memor.
490 1867 637 1920 Tacit.
652 1902 667 1927 ,
685 1871 863 1915 Annal.
881 1902 895 1924 ,
922 1885 989 1927 11,
1022 1885 1083 1928 72
1112 1887 1122 1915 ε
1151 1871 1310 1915 «Tum
1339 1869 1401 1915 ad
1423 1884 1626 1917 uxorem
1648 1885 1840 1929 versus,
1873 1886 1963 1933 per

202 1945 479 1991 memoriam
514 1946 587 1992 sui
612 1945 780 2010 oravit.
801 1966 821 1988 »
1163 1980 1165 1983 .

277 2024 512 2073 Octavius.
542 2024 728 2082 Tacit.,
759 2024 909 2081 Ibid„
942 2042 989 2084 1,
1025 2024 1056 2087 9
1085 2041 1097 2070 ε
1124 2045 1143 2064 α
1163 2025 1329 2070 Multis
1355 2025 1466 2071 hinc
1497 2022 1604 2086 ipso
1640 2025 1701 2071 de
1740 2027 1962 2088 Augusto

204 2117 388 2159 sermo,
413 2101 655 2163 plerisque
678 2117 800 2147 vana
814 2102 1097 2148 mirantibus
1106 2118 1123 2160 >;
1151 2102 1288 2164 quod
1311 2101 1438 2149 idem
1466 2102 1567 2149 dies
1591 2102 1775 2164 accepti
1790 2119 1956 2166 quon—

203 2178 315 2225 dam
354 2178 543 2240 imperii
572 2180 795 2240 princeps
830 2189 877 2225 et
915 2180 1022 2226 vitae
1053 2196 1334 2242 supremus;
1371 2181 1509 2243 quod
1555 2182 1690 2228 Nolae
1724 2182 1777 2227 in
1812 2182 1962 2228 domo

204 2265 251 2302 et
289 2256 513 2302 cubiculo
540 2257 591 2302 in
624 2273 725 2318 quo
759 2266 897 2317 pater
921 2257 1023 2318 ejus
1053 2258 1281 2305 Octavius
1315 2259 1461 2304 vitam
1484 2257 1728 2305 finivisset.
1747 2280 1765 2300 ι»

276 2334 562 2380 Consulibus.
587 2336 645 2380 A.
672 2336 732 2382 U.
760 2335 871 2393 767.

272 2412 386 2458 Cu.
421 2411 497 2457 (31.
527 2408 753 2458 Bovillas.
789 2414 937 2459 Erant
960 2413 1093 2459 vicus
1118 2413 1180 2459 ad
1220 2413 1529 2459 undecimum
1551 2413 1761 2476 lapidem
1793 2413 1962 2475 Appiae

204 2488 303 2535 viae.
328 2488 448 2537 Inde
472 2490 752 2536 suburbanas
784 2490 1012 2552 dicuntur
1035 2506 1062 2537 a
1088 2493 1233 2553 Prop.
1251 2527 1264 2550 ‚
1290 2507 1340 2536 ιν
1356 2526 1369 2549 ,
1408 2508 1426 2536 1
1462 2507 1472 2535 :

384 2613 548 2684 Quippe
570 2629 810 2671 suburbanae
830 2644 952 2688 parva
971 2629 1103 2671 minus
1123 2630 1225 2671 urbe
1248 2629 1427 2671 Bovillae.

276 2761 507 2822 Equester
525 2762 654 2807 ordo.
680 2762 738 2807 Id
762 2761 1033 2823 impetravit
1057 2777 1084 2807 a
1119 2777 1236 2808 coss.
1269 2776 1358 2824 per
1383 2761 1639 2808 Claudium
1661 2762 1960 2824 perferendae

179 2891 181 2893 .
202 2838 453 2902 legationis
481 2847 754 2900 patronum.

274 2918 638 2965 Intulit.‘Etiam
668 2928 848 2977 noctu,
872 2928 991 2966 teste
1016 2920 1189 2978 Dion.‚
1215 2935 1321 2978 Lvr,
1352 2935 1400 2981 p.
1429 2915 1525 2982 590
1566 2937 1576 2965 :
1605 2928 1707 2985 Πρὸς
1738 2924 1786 2970 δὲ
1821 2923 1876 2975 δὴ
1907 2933 1959 2985 τῇ

202 2995 329 3062 Ῥώμῃ
358 3005 569 3063 γενόμενον
603 3004 638 3047 οἱ
667 2995 810 3055 Ῐππεῖς
838 3002 1172 3063 παραλαὲόντες,
1197 3006 1338 3055 νυκτὸς
1361 3006 1397 3054 ἐς
1422 3006 1468 3048 τὸ
1500 3006 1606 3049 ἄστυ
1637 3006 1844 3063 ἐκόμισαν.

268 3086 433 3132 Porta.
447 3085 595 3133 Tacit.
608 3087 710 3146 ‚ub.
723 3102 844 3148 sup„
862 3103 903 3146 1,
922 3088 951 3135 8
970 3104 981 3133 ε
1000 3108 1020 3129 α
1037 3089 1163 3134 Tum
1179 3089 1499 3134 consultatum
1516 3087 1576 3134 de
1592 3086 1885 3144 honoribus,
1901 3101 1959 3131 ex

203 3163 339 3226 queis
362 3163 564 3211 maxime
587 3164 793 3228 insignes
815 3165 905 3212 visi
929 3182 940 3211 t
966 3176 1021 3212 ut
1044 3175 1186 3228 porta
1210 3165 1492 3228 triumphali
1516 3165 1773 3212 duceretur
1788 3164 1931 3211 funus
1946 3200 1958 3221 ,

204 3243 368 3288 Gallus
390 3241 604 3300 Asinius3
631 3252 685 3288 ut
722 3245 881 3307 legum
904 3245 1107 3291 latarum
1132 3243 1279 3304 tituli,
1300 3242 1535 3290 victarum
1560 3243 1620 3288 ab
1646 3258 1706 3290 eo
1743 3240 1956 3306 gentium

200 3318 435 3365 vocabula
464 3320 829 3381 anteferrentur,
853 3322 906 3367 L.
936 3321 1192 3369 Arruntius
1215 3336 1455 3369 censuere.
1481 3341 1500 3362 υ

368 3423 429 3461 n.
1693 3410 1757 3477 ¹4
