2372 3918
864 281 1188 329 CALIGULA.
1792 298 1810 328 1
1821 299 1844 341 7
1858 299 1874 327 1

177 413 440 471 numque,
474 392 518 448 si
553 410 662 468 qua
707 385 922 445 residua
955 407 1020 442 ex
1062 385 1244 463 priore
1287 396 1532 462 tempore
1565 387 1882 459 manebant,
1906 406 1917 414 ’

176 495 422 552 omnium
469 491 698 571 gratiam
741 486 883 544 fecit.
928 484 1395 555 CommentarioS‚
1441 483 1512 540 ad
1550 488 1737 543 matris
1776 487 1884 543 fra-

178 608 431 671 trumque
456 609 679 649 suorum
710 606 898 644 causas
924 586 1286 664 pertinentes„
1315 605 1386 641 ne
1415 585 1505 642 cui
1534 585 1885 663 postmodum

177 695 406 751 delatori
452 703 548 749 aut
594 688 716 746 testi
756 698 1004 744 maneret
1048 683 1193 743 ullus
1237 696 1449 759 metus,
1493 698 1786 742 convectos
1829 687 1885 741 in

179 795 395 863 forum,
429 804 484 849 et
525 801 651 847 ante
694 786 839 844 clare
882 786 1182 843 obtestatus
1231 786 1360 843 deos
1383 830 1398 859 ‚
1446 806 1623 863 neque
1664 784 1887 864 legisse,

179 915 357 971 neque
385 891 624 969 attigisse
651 889 974 966 quicquam,
996 887 1382 945 concremavit.
1405 883 1681 942 Libellum
1710 885 1777 942 de
1805 906 1889 941 sa-

178 994 291 1050 lutc
322 1013 417 1050 sua
450 989 698 1063 oblatum
739 1010 853 1045 non
889 989 1130 1066 recepit,
1163 986 1530 1060 contendens,
1564 1010 1591 1040 «
1616 984 1754 1042 nihil
1788 986 1890 1042 sibi

177 1093 504 1164 admissum,
537 1112 636 1147 cur
664 1091 919 1166 cuiquam
946 1088 1152 1144 invisus
1187 1098 1325 1144 esset
1354 1108 1366 1143 ε
1390 1111 1417 1140 >>
1447 1088 1803 1166 negavitque,
1834 1106 1892 1142 se

179 1191 511 1249 delatoribus
543 1211 699 1247 aures
731 1190 946 1246 habere.

259 1295 408 1349 XVI.
450 1291 722 1370 Spintrias
765 1302 1197 1347 monstrosarum
1237 1287 1565 1363 libidinum,
1604 1309 1781 1367 aegre,
1825 1310 1894 1345 ne

182 1392 456 1470 profundo
489 1404 759 1470 mergeret
777 1435 791 1464 ,
822 1404 1101 1462 exoratu5‚
1127 1392 1279 1448 Urbe
1307 1392 1618 1447 summovit.
1647 1391 1756 1447 Titi
1786 1392 1894 1447 La-

183 1493 365 1563 bieni,
404 1491 572 1548 Cordi
607 1493 909 1564 Cremutii,
943 1491 1118 1547 Cassii
1154 1492 1338 1547 Severi
1370 1492 1606 1569 scripta,
1646 1503 1894 1547 senatus·

186 1591 450 1649 consultis
474 1591 703 1664 abolita,
724 1592 957 1668 requiri,
980 1603 1035 1647 et
1057 1612 1172 1647 esse
1199 1592 1256 1647 in
1281 1592 1533 1647 manibus
1556 1590 1899 1668 lectitarique

188 1693 462 1770 permisit:
487 1693 706 1769 quando
727 1694 962 1748 maxime
983 1713 1082 1748 sua
1102 1694 1411 1762 interesset,
1431 1704 1493 1748 ut
1511 1692 1654 1749 facta
1670 1714 1898 1769 quaeque

185 1793 417 1870 posteris
450 1792 754 1849 tradantur.
787 1793 1047 1857 Rationes
1091 1793 1343 1869 imperii,
1379 1792 1447 1848 ab
1482 1795 1735 1870 Augusto
1774 1814 1901 1869 pro-

183 1893 317 1970 poni
352 1891 568 1964 solitaS,
599 1892 693 1948 sed
722 1913 754 1948 a
782 1892 1002 1948 Tiberio
1037 1892 1372 1949 intermissas
1391 1935 1405 1964 ,
1434 1891 1751 1969 publicavit.
1783 1894 1902 1948 Ma-

186 1992 506 2070 gistratibus
537 1990 764 2048 liberam
798 1992 1236 2069 jurisdictionem
1255 2036 1271 2064 ,
1310 2004 1366 2048 et
1397 1993 1514 2048 sine
1546 1992 1630 2049 sui
1663 1990 1905 2070 appella-

188 2093 336 2148 tione
359 2135 375 2163 ,
422 2093 705 2150 concessit.
750 2094 978 2170 Equites
1023 2113 1280 2149 romanos
1322 2113 1505 2150 severe
1547 2094 1903 2169 curioseque,

189 2213 291 2248 nec
318 2194 433 2248 sine
462 2193 864 2267 moderatione,
893 2195 1212 2271 recognovit
1235 2215 1247 2249 :
1278 2191 1462 2271 palam
1485 2193 1703 2250 ademto
1730 2213 1904 2270 equo,

188 2293 387 2369 quibus
411 2306 506 2350 aut
528 2294 715 2371 probri
735 2293 942 2371 aliquid
965 2306 1060 2350 aut
1086 2295 1401 2372 ignominiae
1427 2295 1660 2351 inesset:
1684 2315 1905 2365 eorum,

187 2394 284 2470 qui
310 2394 524 2450 minore
547 2394 707 2472 culpa
735 2407 1071 2467 tenerentur,
1094 2395 1410 2452 nominibus
1437 2395 1603 2451 modo
1630 2395 1686 2450 in
1710 2396 1907 2451 recita-

192 2494 342 2550 tione
379 2496 686 2571 praeteritis.
728 2497 807 2552 Ut
836 2494 1006 2552 levior
1039 2494 1196 2552 labor
1220 2496 1592 2573 judicantibus
1626 2495 1802 2565 foret,
1837 2495 1907 2551 ad

192 2606 428 2670 quatuor
459 2596 667 2672 priores
696 2597 944 2674 quintam
975 2596 1255 2654 decuriam
1283 2596 1511 2654 addidit.
1541 2597 1798 2654 Tentavit
1827 2608 1908 2667 et,

192 2695 542 2751 comitiorum
585 2718 736 2754 more
776 2710 1029 2754 revocato
1054 2741 1069 2770 ,
1113 2697 1374 2776 suffragia
1416 2697 1623 2776 populo
1663 2697 1907 2754 reddere.

193 2797 398 2871 Legata
423 2815 490 2851 ex
519 2807 838 2852 testamento
862 2798 1090 2871 Tiberii,
1115 2819 1450 2876 quamquam
1479 2798 1711 2873 abolito,
1738 2797 1831 2855 sed
1857 2810 1911 2855 et

192 2893 347 2950 Juliae
380 2898 665 2973 Augustae,
698 2896 845 2974 quod
878 2897 1129 2954 Tiberius
1163 2911 1573 2975 suppresserat,
1610 2920 1735 2956 cum
1773 2897 1910 2969 fide,

192 3013 255 3050 ac
284 2995 399 3050 sine
439 2993 714 3052 calumnia
744 3009 1127 3075 repraesentata
1156 2996 1435 3075 persolvit.
1463 2999 1908 3055 Ducentesimam

193 3096 508 3152 auctionum
559 3095 728 3154 ltaliae
775 3098 1000 3155 remisit.
1048 3097 1243 3156 Multis
1285 3099 1664 3155 incendiorum
1711 3098 1911 3154 damna

195 3194 469 3274 supplevit
499 3217 512 3252 ε
550 3217 614 3253 ac
647 3198 691 3253 si
734 3198 932 3275 quibus
968 3218 1138 3278 regna
1168 3200 1440 3271 restituit,
1473 3198 1673 3277 adjecit
1706 3210 1759 3254 et
1796 3197 1912 3253 fru-

197 3308 345 3352 ctum
366 3318 582 3354 omncm
604 3298 1037 3377 vectigaliorum,
1058 3312 1111 3357 et
1138 3300 1415 3357 redituum
1443 3300 1607 3356 medii
1632 3298 1910 3377 temporis,
