2372 3918
376 289 464 333 108
829 288 1035 334 PUBLII
1070 287 1368 333 TERENTII
1407 287 1577 333 VITA.

370 392 524 448 cadia
545 434 560 460 ‚
595 390 850 466 tradunt,
886 394 988 449 Cn.
1023 391 1283 449 Cornelio
1326 390 1641 474 Dolabella,
1676 394 1868 449 Marco
1901 391 2096 450 Fulvio

371 491 701 564 Nobiliore,
730 491 1080 566 consulibus,
1129 492 1323 548 morbo
1358 491 1687 569 implicitum
1724 495 1867 562 acri,
1904 493 2094 549 dolore

371 613 434 647 ac
463 590 624 648 taedio
651 583 1376 662 amissarum'sarcinarum,
1410 613 1546 669 quas
1574 594 1630 648 in
1658 594 1784 648 navi
1816 595 2097 670 praemise-

371 705 488 765 rat,
523 713 585 748 ac
611 692 774 749 simul
804 691 1116 749 fabularum
1135 735 1151 766 ‚
1180 714 1315 770 quas
1343 714 1514 749 novas
1541 693 1760 749 fecerat.
1789 695 1978 750 Fuisse
2025 694 2100 749 di-

373 793 518 849 citur
553 792 815 849 mediocri
864 804 1106 860 statura,
1148 791 1337 870 gracili
1387 814 1650 870 corpore,
1699 792 1883 849 colore
1924 793 2098 850 fusco.

371 891 620 970 Reliquit.
661 891 858 965 filiam,
902 913 1022 969 quae
1061 905 1187 969 post
1222 893 1394 970 equiti
1427 914 1658 950 romano
1696 894 1883 970 nupsit
1918 915 1930 949 ε
1969 896 2099 950 item

371 992 622 1050 hortulos
653 994 846 1071 viginti
873 985 1132 1071 jugerum
1155 994 1211 1048 in
1232 994 1326 1066 ⁴via
1354 994 1534 1070 Appia
1561 992 1632 1049 ad
1662 995 1858 1050 Martis
1888 993 2094 1050 villam.

373 1094 504 1166 Quo
532 1094 705 1171 magis
735 1094 938 1166 miror,
957 1094 1212 1150 Porcium
1250 1093 1518 1167 scribere,

1133 1249 1144 1260 .
1179 1250 1189 1259 .
1224 1251 1234 1260 .
1262 1216 1407 1260 ‚nihil
1432 1217 1632 1261 rPublius

436 1290 595 1351 Scipio
618 1291 822 1351 profuit,
849 1291 970 1336 nihil
1001 1292 1046 1337 ei
1074 1292 1240 1338 Laelius
1255 1328 1268 1350 ,
1290 1293 1410 1337 nihil
1434 1294 1626 1339 Furius:

435 1360 550 1412 Tres
578 1383 664 1428 per
693 1368 820 1413 idem
842 1376 1027 1430 tempus
1051 1369 1134 1428 qui
1167 1370 1411 1429 agitabant
1443 1369 1629 1414 nobiles
1661 1370 1895 1416 facillume
1914 1408 1927 1430 ,

435 1446 613 1490 Eorum
645 1445 726 1490 ille
758 1461 901 1506 opera
931 1461 994 1490 ne
1028 1445 1223 1490 domum
1254 1446 1446 1506 quidem
1475 1447 1642 1492 habuit
1670 1447 2040 1509 conducticiam‚

435 1523 608 1568 Saltem
631 1531 685 1567 ut
715 1531 859 1581 esset,
891 1538 989 1583 quo
1018 1522 1214 1568 referret
1250 1522 1435 1567 obitum
1466 1523 1651 1568 domini
1678 1525 1911 1570 servulus.

371 1632 533 1684 Hunc
575 1628 833 1685 Afranius
880 1627 1103 1705 quidem
1134 1628 1392 1684 omnibus
1434 1630 1657 1685 comicis
1685 1629 1937 1707 praefert,
1975 1632 2108 1686 scri-

372 1729 507 1785 bens
536 1729 595 1783 in
626 1727 1069 1805 Compitalibus:

565 1849 790 1895 Terentio
820 1865 922 1894 non
951 1849 1152 1895 similem
1175 1850 1303 1896 dices
1330 1851 1611 1911 quempiam.

374 1952 655 2011 Volcatius
678 1966 862 2009 autem
893 1975 1005 2010 non
1035 1953 1214 2010 solum
1242 1956 1434 2013 Naevio
1462 1968 1516 2011 et
1540 1954 1737 2012 Plauto
1772 1969 1826 2012 et
1857 1957 2105 2031 Caecilio,

373 2054 468 2110 sed
496 2054 714 2110 Licinio
757 2074 979 2130 quoque
1016 2067 1071 2109 et
1114 2053 1308 2110 Attilio
1346 2057 1648 2132 postponit.
1691 2057 1887 2112 Cicero
1924 2058 1979 2112 in
2010 2060 2104 2115 Li-

373 2174 540 2210 mone
571 2155 839 2212 hactenus
873 2153 1063 2224 laudat
1098 2176 1110 2209 :

474 2278 547 2322 Tu
576 2292 789 2337 quoque,
820 2276 904 2338 qui
934 2277 1060 2322 solus
1085 2277 1208 2322 lecto
1237 2293 1474 2336 sermone,
1505 2279 1720 2336 Terenti,

476 2357 770 2402 Conversum
799 2369 1164 2414 expressumque
1199 2354 1342 2399 latina
1375 2354 1835 2401 voce‘Menandrum

469 2434 526 2478 In
546 2431 707 2477 medio
729 2430 899 2492 populi
925 2430 1099 2476 sedatis
1122 2431 1320 2476 vocibus
1344 2431 1508 2490 effers,
1562 2453 1565 2457 <

472 2508 709 2570 Quicquid
735 2524 870 2554 come
892 2509 1116 2569 loquens,
1139 2517 1278 2569 atque
1300 2509 1460 2553 omnia
1485 2509 1641 2554 dulcia
1668 2510 1843 2556 dicens.

374 2619 513 2672 Item
541 2616 604 2670 C.
638 2615 819 2670 Caesar
850 2634 863 2668 :

473 2735 549 2779 Tu
578 2748 789 2794 quoque,
814 2741 864 2777 tu
893 2733 945 2778 in
977 2733 1167 2778 summis
1183 2769 1195 2791 ,
1222 2749 1252 2779 o
1287 2734 1533 2779 dimidiate
1555 2736 1844 2795 Menander,

472 2811 689 2870 Poneris,
718 2820 765 2857 et
799 2811 995 2872 merito,
1017 2811 1126 2872 puri
1148 2812 1378 2856 sermonis
1406 2820 1605 2857 amator.

473 2889 681 2935 Lenibus
715 2898 853 2950 atque
886 2889 1069 2934 utinam
1092 2889 1278 2949 scriptis
1303 2890 1524 2948 adjuncta
1552 2890 1674 2935 foret
1712 2891 1782 2935 vis
1799 2928 1811 2950 ,

477 2967 668 3013 Comica
700 2976 752 3013 ut
780 2968 1142 3028 aequato'virtus
1164 2969 1368 3027 polleret
1391 2969 1578 3014 honore

473 3046 590 3091 Cum
612 3045 808 3102 Graecis';
838 3061 991 3106 neque
1016 3045 1065 3089 in
1095 3046 1183 3089 hae
1210 3045 1454 3104 despectus
1477 3055 1611 3105 parte
1637 3047 1843 3106 jaceres!

474 3123 633 3169 Unum
665 3123 757 3168 hoc
783 3137 996 3169 maceror
1012 3158 1024 3179 ,
1052 3130 1098 3167 et
1129 3123 1272 3168 doleo
1296 3123 1385 3168 tibi
1412 3124 1599 3182 deesse,
1627 3125 1832 3171 Terenti.

2274 2257 2285 2261 1

2367 2611 2372 2633 .-
2367 2572 2372 2604 -..
2360 2222 2372 2564 —-———-.——nn—‘a.u—-.—n-—.
2360 2089 2372 2212 Α“.Ἆ.“
2368 2059 2372 2075 -
2362 2017 2372 2050 ‘—
