2372 3918
439 318 457 347 1
466 317 524 364 9⁹
1103 307 1152 351 C.
1188 305 1479 352 SUETONII

432 418 488 462 et
522 407 751 462 nomina
789 405 1072 463 barbarica
1109 407 1266 464 ferre.
1306 408 1569 485 Praecepit
1607 406 1770 462 etiam
1788 449 1804 475 ,
1850 406 2091 462 triremes
2112 450 2127 478 ,

400 507 629 583 'quibus
677 508 960 565 introierat
1001 512 1283 566 Oceanum
1302 550 1320 580 ,
1371 527 1569 585 magna
1615 527 1690 563 ex·
1729 518 1883 584 parte
1929 506 2124 562 itinere

430 608 670 663 terrestri
718 610 952 664 Romam
999 606 1209 664 devehi.
1259 608 1488 685 Scripsit
1531 618 1587 662 et
1634 605 2127 683 procuratoribus:

429 729 458 758 <c
482 707 848 783 Triumphum
894 718 1222 783 appararent
1267 726 1435 783 quam
1483 705 1710 762 minima
1751 722 1993 775 summa,
2034 703 2128 760 sed

429 817 664 881 quantus
692 825 975 881 nunquam
1006 804 1143 860 alius
1173 804 1391 876 fuisset3
1420 802 1641 881 quando
1673 801 1728 861 in
1757 802 2006 859 omnium
2031 802 2132 858 ho-

429 904 640 959 minum
668 903 814 959 bona
839 904 929 981 jus
953 903 1242 960 haberent.
1272 929 1299 957 >›

506 1004 762 1059 XLVIII.
795 1003 1122 1079 Priusquam
1162 1001 1444 1079 provincia
1484 1002 1803 1072 decederet,
1840 1001 2129 1059 consilium

430 1101 553 1159 iniit
587 1101 833 1158 nefandae
873 1102 1172 1159 atrocitatis
1187 1144 1206 1170 ‚
1239 1101 1475 1179 legiones
1495 1144 1510 1171 ,
1549 1122 1671 1178 quae
1700 1113 1821 1178 post
1852 1122 2128 1162 excessum

430 1202 664 1278 Augusti
690 1201 1005 1258 seditionem
1031 1200 1162 1257 olim
1185 1213 1494 1273 moverant,
1519 1200 1960 1271 contrucidandi,
1983 1200 2132 1276 quod

430 1312 486 1356 et
522 1314 736 1379 patrem
771 1323 932 1358 suum
973 1302 1365 1360 Germanicum
1400 1300 1630 1370 ducem,
1666 1313 1721 1356 et
1755 1321 1838 1372 se,
1869 1301 2130 1356 infantem

430 1412 596 1472 tune,
635 1401 987 1458 obsedissent.
1024 1403 1242 1477 Vixque
1277 1422 1309 1456 a
1349 1413 1461 1456 tam
1499 1401 1766 1477 praecipiti
1804 1402 2135 1476 cogitatione

430 1512 752 1574 revocatuS,
784 1501 1016 1556 inhiberi
1052 1499 1205 1556 nullo
1249 1501 1429 1576 potuit
1468 1500 1666 1571 mod0,
1701 1500 1834 1575 quin
1867 1499 2138 1556 decimare

430 1598 568 1655 velle
592 1614 972 1677 perseveraret.
989 1604 1042 1658 V
1045 1611 1227 1656 ocatas
1249 1600 1432 1676 itaque
1452 1599 1520 1655 ad
1540 1600 1856 1656 concionem
1877 1600 2136 1672 inermes,

430 1711 595 1777 atque
630 1703 793 1758 etiam
825 1701 1016 1779 gladiis
1045 1700 1304 1777 depositis
1325 1742 1340 1773 ,
1364 1701 1617 1777 ,equitatu
1653 1712 1865 1756 armato
1894 1701 2131 1756 circum-

431 1798 595 1856 dedit.
628 1802 735 1857 Sed
765 1822 936 1878 quum
963 1800 1202 1871 videret,
1235 1783 1486 1876 suspecta
1515 1819 1607 1870 re,
1647 1798 1936 1874 plerosque
1967 1798 2131 1854 dilabi

430 1899 500 1955 ad
530 1900 888 1972 resumenda,
934 1900 978 1955 si
1013 1920 1122 1975 qua
1163 1899 1246 1954 vis
1277 1898 1429 1953 fieret
1449 1941 1464 1970 ,
1508 1918 1690 1970 arma,
1724 1897 1970 1974 profugit
2000 1919 2134 1953 con-

429 1999 671 2072 cionem,
702 2000 1101 2075 confestimque
1124 1998 1332 2053 Urbem
1362 1998 1542 2074 petiit,
1567 1996 1772 2053 deflexa
1810 1998 1958 2052 omni
1986 2019 2135 2053 acer-

429 2098 600 2155 bitate
628 2100 685 2154 in
718 2112 999 2172 senatum,
1029 2099 1119 2155 cui
1149 2098 1219 2154 ad
1249 2097 1569 2153 avertendos
1597 2109 1877 2152 tantorum
1904 2097 2133 2153 dedeco-

429 2219 554 2254 rum
588 2209 836 2254 rumores'
873 2196 1055 2274 palam
1099 2184 1443 2267 minabatur;
1475 2217 1706 2272 querens
1752 2197 1896 2252 inter
1926 2210 2101 2253 cetera
2122 2241 2137 2269 ,

429 2298 831 2355 fraudatum'se
866 2299 1014 2376 justo
1049 2298 1362 2374 triumpho,
1399 2318 1572 2373 quum
1613 2298 1729 2374 ipse
1772 2297 1938 2374 paulo
1978 2311 2135 2370 ante,

430 2419 499 2454 ne
535 2398 670 2475 quid
700 2399 768 2454 de
800 2397 1103 2454 honoribus
1139 2398 1260 2454 suis*
1286 2408 1566 2475 ageretur,
1604 2399 1766 2453 etiam
1802 2398 1904 2453 sub
1943 2392 2134 2453 mortis

428 2520 587 2576 poena
621 2500 1020 2556 denunciasset.

508 2601 709 2655 XLIX.
737 2599 931 2657 Aditus
959 2619 1090 2675 ergo
1119 2599 1175 2653 in
1203 2599 1396 2653 itinere
1420 2618 1451 2653 a
1477 2597 1667 2675 legatis
1692 2596 2009 2674 amplissimi
2037 2621 2128 2655 or-

429 2696 606 2766 dinis,
646 2709 709 2752 ut
747 2708 1076 2767 maturaret,
1119 2697 1436 2767 orantibUS,
1477 2718 1641 2772 quam
1686 2699 1922 2754 maxima
1960 2720 2093 2755 voce
2118 2743 2133 2771 ,

429 2820 456 2848 <c
481 2797 714 2853 Veniam
735 2840 750 2869 ,
788 2797 999 2872 inquit,
1029 2798 1279 2869 veniam,
1320 2809 1375 2852 et
1404 2798 1495 2852 hic
1536 2818 1745 2853 mecum
1767 2841 1782 2868 ,
1809 2822 1835 2850 >2
1875 2797 2132 2875 capulum

431 2894 594 2971 gladii
626 2896 817 2951 crebro
861 2896 1187 2965 verberanS,
1229 2916 1340 2975 quo
1385 2897 1595 2952 cinctus
1637 2909 1767 2952 erat.
1810 2898 1994 2953 Edixit
2041 2911 2134 2967 et,

429 3018 457 3047 (ε
483 2997 682 3051 reverti
710 3016 793 3067 se,
821 2995 915 3051 sed
942 2996 1007 3051 iis
1041 3007 1253 3051 tantum
1273 3038 1287 3067 ,
1321 2997 1415 3071 qui
1452 3008 1736 3071 optarent,
1767 2998 2002 3072 equestri
2037 3018 2127 3052 or—

430 3094 548 3150 dini
581 3106 635 3150 et
672 3094 879 3172 populo
909 3117 922 3151 ε
955 3116 1082 3151 nam
1114 3115 1169 3150 se
1204 3115 1380 3170 neque
1410 3097 1584 3150 civem
1619 3117 1796 3172 neque
1826 3097 2130 3173 principem

431 3195 642 3250 senatui
672 3194 904 3271 amplius
937 3195 1070 3250 fore.
1094 3219 1122 3246 J)
1150 3195 1343 3251 Vetuit
1382 3195 1574 3265 etiam,
1611 3203 2129 3271 quemquamsena-

433 3305 613 3349 torum
646 3294 748 3349 sibi
784 3315 1071 3350 occurrere
1103 3315 1115 3348 z
1151 3304 1313 3368 atque
1347 3295 1577 3364 omiss0,
1613 3295 1697 3350 vel
1733 3294 1901 3349 dilato
1935 3296 2131 3351 trium-
