<?xml version="1.0" encoding="UTF-8"?>
<!DOCTYPE html PUBLIC "-//W3C//DTD XHTML 1.0 Transitional//EN"
    "http://www.w3.org/TR/xhtml1/DTD/xhtml1-transitional.dtd">
<html xmlns="http://www.w3.org/1999/xhtml" xml:lang="en" lang="en">
 <head>
  <title>
</title>
<meta http-equiv="Content-Type" content="text/html;charset=utf-8" />
  <meta name='ocr-system' content='tesseract 3.04.00' />
  <meta name='ocr-capabilities' content='ocr_page ocr_carea ocr_par ocr_line ocrx_word'/>
</head>
<body>
  <div class='ocr_page' id='page_1' title='image "./operasuet00suetuoft_0138.png"; bbox 0 0 2372 3918; ppageno 0'>
   <div class='ocr_carea' id='block_1_1' title="bbox 404 266 1413 314">
    <p class='ocr_par' dir='ltr' id='par_1_1' title="bbox 404 266 1413 314">
     <span class='ocr_line' id='line_1_1' title="bbox 404 266 1413 314; baseline -0.001 -2"><span class='ocrx_word' id='word_1_1' title='bbox 404 284 419 312; x_wconf 89' lang='lat'>1</span> <span class='ocrx_word' id='word_1_2' title='bbox 434 280 489 311; x_wconf 86' lang='lat'><strong>10</strong></span> <span class='ocrx_word' id='word_1_3' title='bbox 1049 269 1096 313; x_wconf 89' lang='lat' dir='ltr'><strong>C.</strong></span> <span class='ocrx_word' id='word_1_4' title='bbox 1133 266 1413 314; x_wconf 72' lang='lat' dir='ltr'><strong>SUETONII</strong></span> 
     </span>
    </p>
   </div>
   <div class='ocr_carea' id='block_1_2' title="bbox 399 353 2107 3293">
    <p class='ocr_par' dir='ltr' id='par_1_2' title="bbox 399 353 2107 3095">
     <span class='ocr_line' id='line_1_2' title="bbox 400 353 2107 446; baseline 0.001 -28"><span class='ocrx_word' id='word_1_5' title='bbox 400 366 497 419; x_wconf 92' lang='lat' dir='ltr'><strong>bus</strong></span> <span class='ocrx_word' id='word_1_6' title='bbox 535 364 668 422; x_wconf 86' lang='lat' dir='ltr'><strong>forte</strong></span> <span class='ocrx_word' id='word_1_7' title='bbox 705 368 954 423; x_wconf 87' lang='lat' dir='ltr'><strong>narrabat</strong></span> <span class='ocrx_word' id='word_1_8' title='bbox 990 389 1002 423; x_wconf 74' lang='grc' dir='ltr'>ε</span> <span class='ocrx_word' id='word_1_9' title='bbox 1037 389 1294 446; x_wconf 91' lang='lat' dir='ltr'><strong>puerum,</strong></span> <span class='ocrx_word' id='word_1_10' title='bbox 1330 370 1466 424; x_wconf 87' lang='lat' dir='ltr'><strong>facie</strong></span> <span class='ocrx_word' id='word_1_11' title='bbox 1503 360 1738 437; x_wconf 75' lang='lat' dir='ltr'><strong>liberali,</strong></span> <span class='ocrx_word' id='word_1_12' title='bbox 1780 364 2063 420; x_wconf 87' lang='lat' dir='ltr'><strong>demissum</strong></span> <span class='ocrx_word' id='word_1_13' title='bbox 2103 353 2107 359; x_wconf 48' lang='grc'><strong>’</strong></span> 
     </span>
     <span class='ocr_line' id='line_1_3' title="bbox 399 462 2067 544; baseline 0 -27"><span class='ocrx_word' id='word_1_14' title='bbox 399 462 531 518; x_wconf 91' lang='lat' dir='ltr'><strong>coelo</strong></span> <span class='ocrx_word' id='word_1_15' title='bbox 561 477 747 521; x_wconf 87' lang='lat' dir='ltr'><strong>catena</strong></span> <span class='ocrx_word' id='word_1_16' title='bbox 775 486 965 535; x_wconf 88' lang='lat' dir='ltr'><strong>aurea,</strong></span> <span class='ocrx_word' id='word_1_17' title='bbox 1001 466 1068 521; x_wconf 89' lang='lat' dir='ltr'><strong>ad</strong></span> <span class='ocrx_word' id='word_1_18' title='bbox 1097 466 1235 522; x_wconf 92' lang='lat' dir='ltr'><strong>fores</strong></span> <span class='ocrx_word' id='word_1_19' title='bbox 1269 466 1520 544; x_wconf 90' lang='lat' dir='ltr'><strong>Capitolii</strong></span> <span class='ocrx_word' id='word_1_20' title='bbox 1548 465 1876 535; x_wconf 82' lang='lat' dir='ltr'><strong>constitisse,</strong></span> <span class='ocrx_word' id='word_1_21' title='bbox 1914 464 2067 538; x_wconf 83' lang='lat' dir='ltr'><strong>eique.</strong></span> 
     </span>
     <span class='ocr_line' id='line_1_4' title="bbox 401 562 2072 640; baseline -0.001 -24"><span class='ocrx_word' id='word_1_22' title='bbox 401 563 585 617; x_wconf 90' lang='lat' dir='ltr'><strong>Jovem</strong></span> <span class='ocrx_word' id='word_1_23' title='bbox 625 562 895 640; x_wconf 87' lang='lat' dir='ltr'><strong>flagellum</strong></span> <span class='ocrx_word' id='word_1_24' title='bbox 941 563 1255 633; x_wconf 89' lang='lat' dir='ltr'><strong>tradidisse;</strong></span> <span class='ocrx_word' id='word_1_25' title='bbox 1301 564 1525 637; x_wconf 90' lang='lat' dir='ltr'><strong>deinde,</strong></span> <span class='ocrx_word' id='word_1_26' title='bbox 1568 574 1786 639; x_wconf 90' lang='lat' dir='ltr'><strong>repente</strong></span> <span class='ocrx_word' id='word_1_27' title='bbox 1830 564 2072 638; x_wconf 87' lang='lat' dir='ltr'><strong>Augusto</strong></span> 
     </span>
     <span class='ocr_line' id='line_1_5' title="bbox 401 658 2071 737; baseline -0.002 -22"><span class='ocrx_word' id='word_1_28' title='bbox 401 661 545 730; x_wconf 90' lang='lat' dir='ltr'><strong>vis0,</strong></span> <span class='ocrx_word' id='word_1_29' title='bbox 582 681 740 736; x_wconf 92' lang='lat' dir='ltr'><strong>quem</strong></span> <span class='ocrx_word' id='word_1_30' title='bbox 772 663 1016 737; x_wconf 88' lang='lat' dir='ltr'><strong>ignotum</strong></span> <span class='ocrx_word' id='word_1_31' title='bbox 1052 660 1227 716; x_wconf 89' lang='lat' dir='ltr'><strong>adhuc</strong></span> <span class='ocrx_word' id='word_1_32' title='bbox 1252 660 1523 737; x_wconf 80' lang='lat' dir='ltr'><strong>plerisque</strong></span> <span class='ocrx_word' id='word_1_33' title='bbox 1561 658 1858 717; x_wconf 86' lang='lat' dir='ltr'><strong>avunculus</strong></span> <span class='ocrx_word' id='word_1_34' title='bbox 1893 661 2071 715; x_wconf 79' lang='lat' dir='ltr'><strong>Caesar</strong></span> 
     </span>
     <span class='ocr_line' id='line_1_6' title="bbox 403 757 2071 835; baseline -0.001 -23"><span class='ocrx_word' id='word_1_35' title='bbox 403 758 472 812; x_wconf 89' lang='lat' dir='ltr'><strong>ad</strong></span> <span class='ocrx_word' id='word_1_36' title='bbox 495 758 900 813; x_wconf 84' lang='lat' dir='ltr'><strong>sacrificandum</strong></span> <span class='ocrx_word' id='word_1_37' title='bbox 925 759 1219 829; x_wconf 84' lang='lat' dir='ltr'>acciverat,</span> <span class='ocrx_word' id='word_1_38' title='bbox 1245 757 1534 814; x_wconf 88' lang='lat' dir='ltr'><strong>affirmavit</strong></span> <span class='ocrx_word' id='word_1_39' title='bbox 1557 760 1731 835; x_wconf 91' lang='lat' dir='ltr'><strong>ipsum</strong></span> <span class='ocrx_word' id='word_1_40' title='bbox 1759 777 1893 828; x_wconf 89' lang='lat' dir='ltr'><strong>esse,</strong></span> <span class='ocrx_word' id='word_1_41' title='bbox 1919 757 2071 831; x_wconf 87' lang='lat' dir='ltr'><strong>cujus</strong></span> 
     </span>
     <span class='ocr_line' id='line_1_7' title="bbox 404 854 2075 931; baseline 0 -23"><span class='ocrx_word' id='word_1_42' title='bbox 404 856 580 929; x_wconf 87' lang='lat' dir='ltr'>imago</span> <span class='ocrx_word' id='word_1_43' title='bbox 615 854 912 910; x_wconf 90' lang='lat' dir='ltr'><strong>secundum</strong></span> <span class='ocrx_word' id='word_1_44' title='bbox 956 857 1190 931; x_wconf 91' lang='lat' dir='ltr'><strong>quietem</strong></span> <span class='ocrx_word' id='word_1_45' title='bbox 1231 856 1331 911; x_wconf 91' lang='lat' dir='ltr'><strong>sibi</strong></span> <span class='ocrx_word' id='word_1_46' title='bbox 1376 856 1655 912; x_wconf 88' lang='lat' dir='ltr'><strong>obversata</strong></span> <span class='ocrx_word' id='word_1_47' title='bbox 1698 857 1780 912; x_wconf 92' lang='lat' dir='ltr'><strong>sit.</strong></span> <span class='ocrx_word' id='word_1_48' title='bbox 1830 856 2075 910; x_wconf 86' lang='lat' dir='ltr'>Sumenti</span> 
     </span>
     <span class='ocr_line' id='line_1_8' title="bbox 402 951 2075 1029; baseline 0.001 -24"><span class='ocrx_word' id='word_1_49' title='bbox 402 951 607 1007; x_wconf 87' lang='lat' dir='ltr'><strong>virilem</strong></span> <span class='ocrx_word' id='word_1_50' title='bbox 630 965 813 1029; x_wconf 89' lang='lat' dir='ltr'><strong>togam</strong></span> <span class='ocrx_word' id='word_1_51' title='bbox 836 954 1022 1009; x_wconf 90' lang='lat' dir='ltr'><strong>tunica</strong></span> <span class='ocrx_word' id='word_1_52' title='bbox 1043 952 1140 1009; x_wconf 81' lang='lat' dir='ltr'><strong>lati</strong></span> <span class='ocrx_word' id='word_1_53' title='bbox 1163 953 1326 1025; x_wconf 88' lang='lat' dir='ltr'><strong>clavi,</strong></span> <span class='ocrx_word' id='word_1_54' title='bbox 1350 966 1530 1010; x_wconf 85' lang='lat' dir='ltr'><strong>resuta</strong></span> <span class='ocrx_word' id='word_1_55' title='bbox 1553 974 1618 1010; x_wconf 87' lang='lat' dir='ltr'><strong>ex</strong></span> <span class='ocrx_word' id='word_1_56' title='bbox 1641 959 1874 1028; x_wconf 88' lang='lat' dir='ltr'><strong>utraque</strong></span> <span class='ocrx_word' id='word_1_57' title='bbox 1897 963 2075 1029; x_wconf 87' lang='lat' dir='ltr'><strong>parte,</strong></span> 
     </span>
     <span class='ocr_line' id='line_1_9' title="bbox 405 1049 2079 1128; baseline -0.001 -23"><span class='ocrx_word' id='word_1_58' title='bbox 405 1049 473 1105; x_wconf 93' lang='lat' dir='ltr'><strong>ad</strong></span> <span class='ocrx_word' id='word_1_59' title='bbox 515 1049 669 1127; x_wconf 86' lang='lat' dir='ltr'><strong>pedes</strong></span> <span class='ocrx_word' id='word_1_60' title='bbox 712 1051 924 1107; x_wconf 86' lang='lat' dir='ltr'><strong>decidit.</strong></span> <span class='ocrx_word' id='word_1_61' title='bbox 966 1054 1245 1124; x_wconf 89' lang='lat' dir='ltr'><strong>Fuerunt,</strong></span> <span class='ocrx_word' id='word_1_62' title='bbox 1285 1054 1380 1128; x_wconf 90' lang='lat' dir='ltr'><strong>qui</strong></span> <span class='ocrx_word' id='word_1_63' title='bbox 1424 1052 1932 1128; x_wconf 80' lang='lat' dir='ltr'><strong>interpretarentur,</strong></span> <span class='ocrx_word' id='word_1_64' title='bbox 1970 1064 2079 1104; x_wconf 85' lang='lat' dir='ltr'><strong>non</strong></span> 
     </span>
     <span class='ocr_line' id='line_1_10' title="bbox 407 1147 2079 1227; baseline -0.001 -23"><span class='ocrx_word' id='word_1_65' title='bbox 407 1147 554 1204; x_wconf 86' lang='lat' dir='ltr'><strong>aliud</strong></span> <span class='ocrx_word' id='word_1_66' title='bbox 576 1149 893 1226; x_wconf 83' lang='lat' dir='ltr'><strong>significare,</strong></span> <span class='ocrx_word' id='word_1_67' title='bbox 920 1171 1084 1226; x_wconf 90' lang='lat' dir='ltr'><strong>quam</strong></span> <span class='ocrx_word' id='word_1_68' title='bbox 1107 1163 1168 1206; x_wconf 92' lang='lat' dir='ltr'><strong>ut</strong></span> <span class='ocrx_word' id='word_1_69' title='bbox 1188 1152 1233 1207; x_wconf 92' lang='lat' dir='ltr'><strong>is</strong></span> <span class='ocrx_word' id='word_1_70' title='bbox 1254 1150 1412 1223; x_wconf 90' lang='lat' dir='ltr'><strong>ord0,</strong></span> <span class='ocrx_word' id='word_1_71' title='bbox 1433 1151 1586 1225; x_wconf 89' lang='lat' dir='ltr'><strong>cujus</strong></span> <span class='ocrx_word' id='word_1_72' title='bbox 1607 1150 1816 1227; x_wconf 86' lang='lat' dir='ltr'><strong>insigne</strong></span> <span class='ocrx_word' id='word_1_73' title='bbox 1840 1148 1896 1203; x_wconf 92' lang='lat' dir='ltr'><strong>id</strong></span> <span class='ocrx_word' id='word_1_74' title='bbox 1918 1160 2079 1218; x_wconf 88' lang='lat' dir='ltr'><strong>esset,</strong></span> 
     </span>
     <span class='ocr_line' id='line_1_11' title="bbox 409 1244 2080 1325; baseline -0.001 -24"><span class='ocrx_word' id='word_1_75' title='bbox 409 1247 725 1322; x_wconf 85' lang='lat' dir='ltr'><strong>quandoque</strong></span> <span class='ocrx_word' id='word_1_76' title='bbox 766 1249 814 1303; x_wconf 92' lang='lat' dir='ltr'><strong>ei</strong></span> <span class='ocrx_word' id='word_1_77' title='bbox 858 1249 1230 1325; x_wconf 83' lang='lat' dir='ltr'><strong>subjiceretur.</strong></span> <span class='ocrx_word' id='word_1_78' title='bbox 1278 1248 1439 1325; x_wconf 88' lang='lat' dir='ltr'><strong>Apud</strong></span> <span class='ocrx_word' id='word_1_79' title='bbox 1484 1248 1749 1304; x_wconf 90' lang='lat' dir='ltr'><strong>Mundam</strong></span> <span class='ocrx_word' id='word_1_80' title='bbox 1791 1250 1859 1303; x_wconf 87' lang='lat' dir='ltr'><strong>D.</strong></span> <span class='ocrx_word' id='word_1_81' title='bbox 1907 1244 2080 1303; x_wconf 89' lang='lat' dir='ltr'><strong>Julius</strong></span> 
     </span>
     <span class='ocr_line' id='line_1_12' title="bbox 409 1330 2077 1423; baseline -0.001 -23"><span class='ocrx_word' id='word_1_82' title='bbox 409 1347 592 1401; x_wconf 88' lang='lat' dir='ltr'><strong>castris</strong></span> <span class='ocrx_word' id='word_1_83' title='bbox 627 1330 799 1402; x_wconf 66' lang='lat' dir='ltr'><strong>locum</strong></span> <span class='ocrx_word' id='word_1_84' title='bbox 835 1348 1077 1423; x_wconf 83' lang='lat' dir='ltr'><strong>capienS,</strong></span> <span class='ocrx_word' id='word_1_85' title='bbox 1112 1344 1280 1422; x_wconf 89' lang='lat' dir='ltr'><strong>quum</strong></span> <span class='ocrx_word' id='word_1_86' title='bbox 1314 1345 1502 1402; x_wconf 89' lang='lat' dir='ltr'><strong>silvam</strong></span> <span class='ocrx_word' id='word_1_87' title='bbox 1541 1345 1794 1412; x_wconf 86' lang='lat' dir='ltr'><strong>caederet,</strong></span> <span class='ocrx_word' id='word_1_88' title='bbox 1833 1345 2077 1400; x_wconf 91' lang='lat' dir='ltr'><strong>arborem</strong></span> 
     </span>
     <span class='ocr_line' id='line_1_13' title="bbox 411 1442 2080 1522; baseline -0.001 -22"><span class='ocrx_word' id='word_1_89' title='bbox 411 1442 597 1520; x_wconf 84' lang='lat' dir='ltr'><strong>palmae</strong></span> <span class='ocrx_word' id='word_1_90' title='bbox 629 1458 891 1522; x_wconf 85' lang='lat' dir='ltr'><strong>repertam</strong></span> <span class='ocrx_word' id='word_1_91' title='bbox 921 1447 1258 1517; x_wconf 88' lang='lat' dir='ltr'><strong>conservari,</strong></span> <span class='ocrx_word' id='word_1_92' title='bbox 1293 1457 1356 1500; x_wconf 90' lang='lat' dir='ltr'><strong>ut</strong></span> <span class='ocrx_word' id='word_1_93' title='bbox 1388 1465 1546 1500; x_wconf 92' lang='lat' dir='ltr'><strong>omen</strong></span> <span class='ocrx_word' id='word_1_94' title='bbox 1582 1445 1818 1500; x_wconf 81' lang='lat' dir='ltr'><strong>victoriae</strong></span> <span class='ocrx_word' id='word_1_95' title='bbox 1834 1487 1849 1513; x_wconf 94' lang='lat'><strong>,</strong></span> <span class='ocrx_word' id='word_1_96' title='bbox 1881 1445 2037 1518; x_wconf 90' lang='lat' dir='ltr'><strong>jussit</strong></span> <span class='ocrx_word' id='word_1_97' title='bbox 2068 1465 2080 1498; x_wconf 79' lang='lat' dir='ltr'><strong>t</strong></span> 
     </span>
     <span class='ocr_line' id='line_1_14' title="bbox 409 1541 2079 1619; baseline 0 -23"><span class='ocrx_word' id='word_1_98' title='bbox 409 1562 473 1596; x_wconf 86' lang='lat' dir='ltr'><strong>ex</strong></span> <span class='ocrx_word' id='word_1_99' title='bbox 517 1562 580 1597; x_wconf 90' lang='lat' dir='ltr'><strong>ea</strong></span> <span class='ocrx_word' id='word_1_100' title='bbox 624 1544 876 1598; x_wconf 85' lang='lat' dir='ltr'><strong>continuo</strong></span> <span class='ocrx_word' id='word_1_101' title='bbox 922 1556 1078 1619; x_wconf 81' lang='lat' dir='ltr'><strong>enata</strong></span> <span class='ocrx_word' id='word_1_102' title='bbox 1121 1542 1329 1599; x_wconf 91' lang='lat' dir='ltr'><strong>soboles</strong></span> <span class='ocrx_word' id='word_1_103' title='bbox 1373 1542 1507 1598; x_wconf 92' lang='lat' dir='ltr'><strong>adeo</strong></span> <span class='ocrx_word' id='word_1_104' title='bbox 1551 1543 1609 1596; x_wconf 90' lang='lat' dir='ltr'><strong>in</strong></span> <span class='ocrx_word' id='word_1_105' title='bbox 1657 1543 1844 1619; x_wconf 86' lang='lat' dir='ltr'><strong>paucis</strong></span> <span class='ocrx_word' id='word_1_106' title='bbox 1889 1541 2079 1596; x_wconf 91' lang='lat' dir='ltr'><strong>diebus</strong></span> 
     </span>
     <span class='ocr_line' id='line_1_15' title="bbox 409 1625 2080 1719; baseline 0 -24"><span class='ocrx_word' id='word_1_107' title='bbox 409 1625 665 1711; x_wconf 58' lang='lat' dir='ltr'><strong>adolerit,</strong></span> <span class='ocrx_word' id='word_1_108' title='bbox 687 1654 749 1698; x_wconf 96' lang='lat' dir='ltr'><strong>ut</strong></span> <span class='ocrx_word' id='word_1_109' title='bbox 774 1663 886 1697; x_wconf 92' lang='lat' dir='ltr'><strong>non</strong></span> <span class='ocrx_word' id='word_1_110' title='bbox 914 1644 1266 1719; x_wconf 82' lang='lat' dir='ltr'><strong>aequipararet</strong></span> <span class='ocrx_word' id='word_1_111' title='bbox 1292 1641 1454 1697; x_wconf 92' lang='lat' dir='ltr'><strong>modo</strong></span> <span class='ocrx_word' id='word_1_112' title='bbox 1480 1642 1785 1712; x_wconf 85' lang='lat' dir='ltr'><strong>matricem,</strong></span> <span class='ocrx_word' id='word_1_113' title='bbox 1811 1648 1997 1697; x_wconf 86' lang='lat' dir='ltr'><strong>verum</strong></span> <span class='ocrx_word' id='word_1_114' title='bbox 2026 1653 2080 1696; x_wconf 91' lang='lat' dir='ltr'><strong>et</strong></span> 
     </span>
     <span class='ocr_line' id='line_1_16' title="bbox 411 1739 2083 1817; baseline 0 -22"><span class='ocrx_word' id='word_1_115' title='bbox 411 1740 702 1816; x_wconf 78' lang='lat' dir='ltr'><strong>obtegeret,</strong></span> <span class='ocrx_word' id='word_1_116' title='bbox 733 1740 1272 1817; x_wconf 86' lang='lat' dir='ltr'><strong>frequentareturque</strong></span> <span class='ocrx_word' id='word_1_117' title='bbox 1300 1739 1672 1797; x_wconf 91' lang='lat' dir='ltr'><strong>columbarum</strong></span> <span class='ocrx_word' id='word_1_118' title='bbox 1700 1740 1866 1808; x_wconf 91' lang='lat' dir='ltr'><strong>nidis,</strong></span> <span class='ocrx_word' id='word_1_119' title='bbox 1895 1761 2083 1815; x_wconf 86' lang='lat' dir='ltr'><strong>quam-</strong></span> 
     </span>
     <span class='ocr_line' id='line_1_17' title="bbox 411 1839 2087 1917; baseline 0 -23"><span class='ocrx_word' id='word_1_120' title='bbox 411 1839 490 1894; x_wconf 87' lang='lat' dir='ltr'><strong>vis</strong></span> <span class='ocrx_word' id='word_1_121' title='bbox 520 1839 576 1893; x_wconf 91' lang='lat' dir='ltr'><strong>id</strong></span> <span class='ocrx_word' id='word_1_122' title='bbox 603 1840 777 1896; x_wconf 85' lang='lat' dir='ltr'><strong>avium</strong></span> <span class='ocrx_word' id='word_1_123' title='bbox 807 1860 974 1916; x_wconf 89' lang='lat' dir='ltr'><strong>genus</strong></span> <span class='ocrx_word' id='word_1_124' title='bbox 1009 1839 1201 1896; x_wconf 91' lang='lat' dir='ltr'><strong>duram</strong></span> <span class='ocrx_word' id='word_1_125' title='bbox 1231 1852 1286 1896; x_wconf 90' lang='lat' dir='ltr'><strong>et</strong></span> <span class='ocrx_word' id='word_1_126' title='bbox 1310 1851 1552 1917; x_wconf 88' lang='lat' dir='ltr'><strong>asperam</strong></span> <span class='ocrx_word' id='word_1_127' title='bbox 1582 1839 1829 1896; x_wconf 90' lang='lat' dir='ltr'><strong>frondem</strong></span> <span class='ocrx_word' id='word_1_128' title='bbox 1856 1842 2087 1896; x_wconf 85' lang='lat' dir='ltr'><strong>maxime</strong></span> 
     </span>
     <span class='ocr_line' id='line_1_18' title="bbox 412 1936 2087 2017; baseline 0.002 -27"><span class='ocrx_word' id='word_1_129' title='bbox 412 1937 560 1992; x_wconf 86' lang='lat' dir='ltr'><strong>vitet.</strong></span> <span class='ocrx_word' id='word_1_130' title='bbox 591 1936 692 1992; x_wconf 87' lang='lat' dir='ltr'><strong>Illo</strong></span> <span class='ocrx_word' id='word_1_131' title='bbox 716 1949 768 1994; x_wconf 90' lang='lat' dir='ltr'><strong>et</strong></span> <span class='ocrx_word' id='word_1_132' title='bbox 798 1941 1065 2017; x_wconf 83' lang='lat' dir='ltr'><strong>praecipue</strong></span> <span class='ocrx_word' id='word_1_133' title='bbox 1095 1951 1306 1995; x_wconf 89' lang='lat' dir='ltr'><strong>ostento</strong></span> <span class='ocrx_word' id='word_1_134' title='bbox 1334 1951 1545 1996; x_wconf 85' lang='lat' dir='ltr'><strong>motum</strong></span> <span class='ocrx_word' id='word_1_135' title='bbox 1579 1943 1841 1997; x_wconf 88' lang='lat' dir='ltr'><strong>Caesarem</strong></span> <span class='ocrx_word' id='word_1_136' title='bbox 1875 1939 2087 2003; x_wconf 86' lang='lat' dir='ltr'><strong>ferunt,</strong></span> 
     </span>
     <span class='ocr_line' id='line_1_19' title="bbox 413 2036 2084 2114; baseline 0.002 -25"><span class='ocrx_word' id='word_1_137' title='bbox 413 2055 480 2090; x_wconf 92' lang='lat' dir='ltr'><strong>ne</strong></span> <span class='ocrx_word' id='word_1_138' title='bbox 506 2056 667 2111; x_wconf 91' lang='lat' dir='ltr'><strong>quem</strong></span> <span class='ocrx_word' id='word_1_139' title='bbox 690 2036 852 2093; x_wconf 85' lang='lat' dir='ltr'><strong>alium</strong></span> <span class='ocrx_word' id='word_1_140' title='bbox 891 2039 991 2094; x_wconf 89' lang='lat' dir='ltr'><strong>sibi</strong></span> <span class='ocrx_word' id='word_1_141' title='bbox 1028 2038 1338 2108; x_wconf 88' lang='lat' dir='ltr'><strong>succedere,</strong></span> <span class='ocrx_word' id='word_1_142' title='bbox 1373 2058 1538 2114; x_wconf 90' lang='lat' dir='ltr'><strong>quam</strong></span> <span class='ocrx_word' id='word_1_143' title='bbox 1570 2039 1767 2094; x_wconf 90' lang='lat' dir='ltr'><strong>sororis</strong></span> <span class='ocrx_word' id='word_1_144' title='bbox 1802 2050 2084 2114; x_wconf 85' lang='lat' dir='ltr'><strong>nepotem,</strong></span> 
     </span>
     <span class='ocr_line' id='line_1_20' title="bbox 414 2133 2090 2214; baseline 0.002 -25"><span class='ocrx_word' id='word_1_145' title='bbox 414 2133 588 2190; x_wconf 88' lang='lat' dir='ltr'><strong>vellet.</strong></span> <span class='ocrx_word' id='word_1_146' title='bbox 614 2138 679 2189; x_wconf 91' lang='lat' dir='ltr'><strong>In</strong></span> <span class='ocrx_word' id='word_1_147' title='bbox 703 2157 912 2192; x_wconf 90' lang='lat' dir='ltr'><strong>secessu</strong></span> <span class='ocrx_word' id='word_1_148' title='bbox 937 2135 1236 2214; x_wconf 73' lang='lat' dir='ltr'><strong>Apolloniae</strong></span> <span class='ocrx_word' id='word_1_149' title='bbox 1261 2137 1562 2214; x_wconf 88' lang='lat' dir='ltr'><strong>Theogenis</strong></span> <span class='ocrx_word' id='word_1_150' title='bbox 1585 2138 1946 2192; x_wconf 86' lang='lat' dir='ltr'><strong>mathematici</strong></span> <span class='ocrx_word' id='word_1_151' title='bbox 1971 2157 2090 2212; x_wconf 92' lang='lat' dir='ltr'><strong>per-</strong></span> 
     </span>
     <span class='ocr_line' id='line_1_21' title="bbox 414 2231 2094 2313; baseline 0.002 -26"><span class='ocrx_word' id='word_1_152' title='bbox 414 2231 625 2309; x_wconf 86' lang='lat' dir='ltr'><strong>gulam,</strong></span> <span class='ocrx_word' id='word_1_153' title='bbox 665 2236 853 2291; x_wconf 89' lang='lat' dir='ltr'><strong>comite</strong></span> <span class='ocrx_word' id='word_1_154' title='bbox 890 2236 1161 2313; x_wconf 87' lang='lat' dir='ltr'><strong>Agrippa,</strong></span> <span class='ocrx_word' id='word_1_155' title='bbox 1199 2235 1506 2292; x_wconf 87' lang='lat' dir='ltr'><strong>ascenderat</strong></span> <span class='ocrx_word' id='word_1_156' title='bbox 1548 2257 1560 2290; x_wconf 92' lang='lat'>:</span> <span class='ocrx_word' id='word_1_157' title='bbox 1598 2256 1766 2311; x_wconf 92' lang='lat' dir='ltr'><strong>quum</strong></span> <span class='ocrx_word' id='word_1_158' title='bbox 1808 2237 2094 2313; x_wconf 80' lang='lat' dir='ltr'><strong>Agrippae,</strong></span> 
     </span>
     <span class='ocr_line' id='line_1_22' title="bbox 417 2331 2093 2411; baseline 0.004 -28"><span class='ocrx_word' id='word_1_159' title='bbox 417 2331 510 2405; x_wconf 90' lang='lat' dir='ltr'><strong>qui</strong></span> <span class='ocrx_word' id='word_1_160' title='bbox 544 2332 694 2407; x_wconf 92' lang='lat' dir='ltr'><strong>prior</strong></span> <span class='ocrx_word' id='word_1_161' title='bbox 729 2332 1059 2402; x_wconf 88' lang='lat' dir='ltr'><strong>consulebat,</strong></span> <span class='ocrx_word' id='word_1_162' title='bbox 1089 2354 1285 2410; x_wconf 87' lang='lat' dir='ltr'><strong>magna</strong></span> <span class='ocrx_word' id='word_1_163' title='bbox 1313 2334 1374 2389; x_wconf 55' lang='lat' dir='ltr'><strong>&#39;et</strong></span> <span class='ocrx_word' id='word_1_164' title='bbox 1408 2354 1558 2411; x_wconf 83' lang='lat' dir='ltr'><strong>paene</strong></span> <span class='ocrx_word' id='word_1_165' title='bbox 1594 2333 1927 2389; x_wconf 91' lang='lat' dir='ltr'><strong>incredibilia</strong></span> <span class='ocrx_word' id='word_1_166' title='bbox 1963 2355 2093 2409; x_wconf 87' lang='lat' dir='ltr'><strong>prae·</strong></span> 
     </span>
     <span class='ocr_line' id='line_1_23' title="bbox 415 2427 2096 2508; baseline 0.004 -27"><span class='ocrx_word' id='word_1_167' title='bbox 415 2427 749 2502; x_wconf 86' lang='lat' dir='ltr'><strong>dicerentur,</strong></span> <span class='ocrx_word' id='word_1_168' title='bbox 794 2432 1018 2487; x_wconf 91' lang='lat' dir='ltr'><strong>reticere</strong></span> <span class='ocrx_word' id='word_1_169' title='bbox 1066 2433 1179 2508; x_wconf 92' lang='lat' dir='ltr'><strong>ipse</strong></span> <span class='ocrx_word' id='word_1_170' title='bbox 1227 2433 1530 2507; x_wconf 89' lang='lat' dir='ltr'><strong>genituram</strong></span> <span class='ocrx_word' id='word_1_171' title='bbox 1580 2443 1730 2487; x_wconf 88' lang='lat' dir='ltr'><strong>suam</strong></span> <span class='ocrx_word' id='word_1_172' title='bbox 1749 2473 1764 2502; x_wconf 96' lang='lat'><strong>,</strong></span> <span class='ocrx_word' id='word_1_173' title='bbox 1810 2451 1910 2487; x_wconf 90' lang='lat' dir='ltr'><strong>nec</strong></span> <span class='ocrx_word' id='word_1_174' title='bbox 1963 2431 2096 2487; x_wconf 90' lang='lat' dir='ltr'><strong>velle</strong></span> 
     </span>
     <span class='ocr_line' id='line_1_24' title="bbox 414 2526 2097 2605; baseline 0 -21"><span class='ocrx_word' id='word_1_175' title='bbox 414 2526 571 2584; x_wconf 89' lang='lat' dir='ltr'><strong>edere</strong></span> <span class='ocrx_word' id='word_1_176' title='bbox 603 2531 1004 2603; x_wconf 85' lang='lat' dir='ltr'><strong>perseverabat,</strong></span> <span class='ocrx_word' id='word_1_177' title='bbox 1036 2541 1183 2584; x_wconf 90' lang='lat' dir='ltr'><strong>metu</strong></span> <span class='ocrx_word' id='word_1_178' title='bbox 1218 2550 1280 2584; x_wconf 89' lang='lat' dir='ltr'><strong>ac</strong></span> <span class='ocrx_word' id='word_1_179' title='bbox 1314 2528 1550 2605; x_wconf 90' lang='lat' dir='ltr'><strong>pudore,</strong></span> <span class='ocrx_word' id='word_1_180' title='bbox 1582 2549 1650 2584; x_wconf 89' lang='lat' dir='ltr'><strong>ne</strong></span> <span class='ocrx_word' id='word_1_181' title='bbox 1679 2530 1858 2584; x_wconf 93' lang='lat' dir='ltr'><strong>minor</strong></span> <span class='ocrx_word' id='word_1_182' title='bbox 1890 2531 2097 2586; x_wconf 89' lang='lat' dir='ltr'><strong>inveni-</strong></span> 
     </span>
     <span class='ocr_line' id='line_1_25' title="bbox 415 2625 2095 2701; baseline 0.004 -24"><span class='ocrx_word' id='word_1_183' title='bbox 415 2635 578 2678; x_wconf 90' lang='lat' dir='ltr'><strong>retur.</strong></span> <span class='ocrx_word' id='word_1_184' title='bbox 605 2626 728 2695; x_wconf 88' lang='lat' dir='ltr'><strong>Qua</strong></span> <span class='ocrx_word' id='word_1_185' title='bbox 752 2636 927 2680; x_wconf 87' lang='lat' dir='ltr'><strong>tamen</strong></span> <span class='ocrx_word' id='word_1_186' title='bbox 951 2639 1074 2701; x_wconf 90' lang='lat' dir='ltr'><strong>post</strong></span> <span class='ocrx_word' id='word_1_187' title='bbox 1095 2625 1297 2682; x_wconf 64' lang='lat' dir='ltr'><strong>multas·</strong></span> <span class='ocrx_word' id='word_1_188' title='bbox 1313 2627 1714 2682; x_wconf 87' lang='lat' dir='ltr'><strong>adhortationes</strong></span> <span class='ocrx_word' id='word_1_189' title='bbox 1740 2629 1830 2683; x_wconf 85' lang='lat' dir='ltr'><strong>vix</strong></span> <span class='ocrx_word' id='word_1_190' title='bbox 1852 2640 1907 2683; x_wconf 92' lang='lat' dir='ltr'><strong>et</strong></span> <span class='ocrx_word' id='word_1_191' title='bbox 1929 2648 2095 2684; x_wconf 88' lang='lat' dir='ltr'><strong>cunc-</strong></span> 
     </span>
     <span class='ocr_line' id='line_1_26' title="bbox 417 2721 2097 2801; baseline 0.004 -26"><span class='ocrx_word' id='word_1_192' title='bbox 417 2732 592 2776; x_wconf 88' lang='lat' dir='ltr'><strong>tanter</strong></span> <span class='ocrx_word' id='word_1_193' title='bbox 618 2721 786 2793; x_wconf 91' lang='lat' dir='ltr'><strong>edita,</strong></span> <span class='ocrx_word' id='word_1_194' title='bbox 813 2722 1027 2779; x_wconf 84' lang='lat' dir='ltr'><strong>exsiluit</strong></span> <span class='ocrx_word' id='word_1_195' title='bbox 1052 2725 1388 2800; x_wconf 88' lang='lat' dir='ltr'><strong>Theogenes,</strong></span> <span class='ocrx_word' id='word_1_196' title='bbox 1418 2725 1767 2801; x_wconf 87' lang='lat' dir='ltr'><strong>adoravitque</strong></span> <span class='ocrx_word' id='word_1_197' title='bbox 1792 2746 1932 2781; x_wconf 90' lang='lat' dir='ltr'><strong>eum.</strong></span> <span class='ocrx_word' id='word_1_198' title='bbox 1958 2730 2097 2782; x_wconf 87' lang='lat' dir='ltr'><strong>Tan-</strong></span> 
     </span>
     <span class='ocr_line' id='line_1_27' title="bbox 417 2820 2096 2899; baseline 0.004 -26"><span class='ocrx_word' id='word_1_199' title='bbox 417 2832 526 2874; x_wconf 89' lang='lat' dir='ltr'><strong>tam</strong></span> <span class='ocrx_word' id='word_1_200' title='bbox 550 2841 674 2875; x_wconf 87' lang='lat' dir='ltr'><strong>mox</strong></span> <span class='ocrx_word' id='word_1_201' title='bbox 702 2820 952 2877; x_wconf 88' lang='lat' dir='ltr'><strong>fiduciam</strong></span> <span class='ocrx_word' id='word_1_202' title='bbox 979 2822 1073 2877; x_wconf 89' lang='lat' dir='ltr'><strong>fati</strong></span> <span class='ocrx_word' id='word_1_203' title='bbox 1098 2824 1376 2899; x_wconf 86' lang='lat' dir='ltr'><strong>Augustus</strong></span> <span class='ocrx_word' id='word_1_204' title='bbox 1404 2823 1616 2896; x_wconf 90' lang='lat' dir='ltr'><strong>habuit,</strong></span> <span class='ocrx_word' id='word_1_205' title='bbox 1644 2833 1705 2880; x_wconf 92' lang='lat' dir='ltr'><strong>ut</strong></span> <span class='ocrx_word' id='word_1_206' title='bbox 1730 2825 1910 2880; x_wconf 87' lang='lat' dir='ltr'><strong>thema</strong></span> <span class='ocrx_word' id='word_1_207' title='bbox 1938 2835 2096 2880; x_wconf 90' lang='lat' dir='ltr'><strong>suum</strong></span> 
     </span>
     <span class='ocr_line' id='line_1_28' title="bbox 415 2917 2094 2999; baseline 0.004 -27"><span class='ocrx_word' id='word_1_208' title='bbox 415 2917 739 2994; x_wconf 85' lang='lat' dir='ltr'><strong>vulgaverit,</strong></span> <span class='ocrx_word' id='word_1_209' title='bbox 772 2940 1163 2996; x_wconf 89' lang='lat' dir='ltr'><strong>nummumque</strong></span> <span class='ocrx_word' id='word_1_210' title='bbox 1191 2932 1505 2998; x_wconf 85' lang='lat' dir='ltr'><strong>argenteum</strong></span> <span class='ocrx_word' id='word_1_211' title='bbox 1535 2935 1665 2978; x_wconf 91' lang='lat' dir='ltr'><strong>nota</strong></span> <span class='ocrx_word' id='word_1_212' title='bbox 1694 2922 1883 2979; x_wconf 90' lang='lat' dir='ltr'><strong>sideris</strong></span> <span class='ocrx_word' id='word_1_213' title='bbox 1908 2924 2094 2999; x_wconf 89' lang='lat' dir='ltr'><strong>Capri-</strong></span> 
     </span>
     <span class='ocr_line' id='line_1_29' title="bbox 417 3017 1399 3095; baseline 0.005 -26"><span class='ocrx_word' id='word_1_214' title='bbox 417 3017 590 3084; x_wconf 88' lang='lat' dir='ltr'><strong>corni,</strong></span> <span class='ocrx_word' id='word_1_215' title='bbox 616 3033 723 3091; x_wconf 85' lang='lat' dir='ltr'><strong>quo</strong></span> <span class='ocrx_word' id='word_1_216' title='bbox 751 3029 908 3073; x_wconf 90' lang='lat' dir='ltr'><strong>natus</strong></span> <span class='ocrx_word' id='word_1_217' title='bbox 929 3030 1034 3088; x_wconf 89' lang='lat' dir='ltr'><strong>est,</strong></span> <span class='ocrx_word' id='word_1_218' title='bbox 1060 3020 1399 3095; x_wconf 86' lang='lat' dir='ltr'><strong>percusserit.</strong></span> 
     </span>
    </p>

    <p class='ocr_par' dir='ltr' id='par_1_3' title="bbox 420 3115 2095 3293">
     <span class='ocr_line' id='line_1_30' title="bbox 494 3115 2095 3196; baseline 0.004 -28"><span class='ocrx_word' id='word_1_219' title='bbox 494 3115 661 3170; x_wconf 88' lang='lat' dir='ltr'>XCV.</span> <span class='ocrx_word' id='word_1_220' title='bbox 707 3117 836 3170; x_wconf 87' lang='lat' dir='ltr'><strong>Post</strong></span> <span class='ocrx_word' id='word_1_221' title='bbox 869 3134 1057 3171; x_wconf 89' lang='lat' dir='ltr'><strong>necem</strong></span> <span class='ocrx_word' id='word_1_222' title='bbox 1091 3118 1342 3187; x_wconf 83' lang='lat' dir='ltr'><strong>CaesariS,</strong></span> <span class='ocrx_word' id='word_1_223' title='bbox 1375 3139 1591 3175; x_wconf 89' lang='lat' dir='ltr'><strong>reverso</strong></span> <span class='ocrx_word' id='word_1_224' title='bbox 1626 3121 1693 3174; x_wconf 90' lang='lat' dir='ltr'><strong>ab</strong></span> <span class='ocrx_word' id='word_1_225' title='bbox 1726 3118 2009 3196; x_wconf 85' lang='lat' dir='ltr'><strong>Apollonia</strong></span> <span class='ocrx_word' id='word_1_226' title='bbox 2041 3133 2095 3175; x_wconf 89' lang='lat' dir='ltr'><strong>et</strong></span> 
     </span>
     <span class='ocr_line' id='line_1_31' title="bbox 420 3213 2095 3293; baseline 0.004 -27"><span class='ocrx_word' id='word_1_227' title='bbox 420 3213 754 3288; x_wconf 85' lang='lat' dir='ltr'><strong>ingrediente</strong></span> <span class='ocrx_word' id='word_1_228' title='bbox 783 3233 848 3269; x_wconf 94' lang='lat' dir='ltr'><strong>eo</strong></span> <span class='ocrx_word' id='word_1_229' title='bbox 874 3215 1107 3284; x_wconf 90' lang='lat' dir='ltr'><strong>Urbem,</strong></span> <span class='ocrx_word' id='word_1_230' title='bbox 1137 3227 1355 3290; x_wconf 89' lang='lat' dir='ltr'><strong>repente</strong></span> <span class='ocrx_word' id='word_1_231' title='bbox 1383 3214 1587 3291; x_wconf 92' lang='lat' dir='ltr'><strong>liquido</strong></span> <span class='ocrx_word' id='word_1_232' title='bbox 1616 3238 1677 3272; x_wconf 87' lang='lat' dir='ltr'><strong>ac</strong></span> <span class='ocrx_word' id='word_1_233' title='bbox 1707 3238 1845 3293; x_wconf 92' lang='lat' dir='ltr'><strong>puro</strong></span> <span class='ocrx_word' id='word_1_234' title='bbox 1873 3238 2095 3290; x_wconf 90' lang='lat' dir='ltr'><strong>seren0,</strong></span> 
     </span>
    </p>
   </div>
   <div class='ocr_carea' id='block_1_3' title="bbox 2303 0 2372 3918">
    <p class='ocr_par' dir='ltr' id='par_1_4' title="bbox 2303 0 2372 3918">
     <span class='ocr_line' id='line_1_32' title="bbox 2303 0 2372 3918; baseline 0 0"><span class='ocrx_word' id='word_1_235' title='bbox 2303 0 2372 3918; x_wconf 95' lang='lat' dir='ltr'><strong> </strong></span> 
     </span>
    </p>
   </div>
  </div>
 </body>
</html>
