2372 3918
761 212 829 259 IN
863 208 1203 256 VARIORUM
1241 207 1278 252 V
1288 206 1444 253 ITAS.
1867 206 1891 250 3
1904 222 1923 247 ο
1937 221 1959 260 ·;

309 307 536 370 Scn'ptmn
558 309 872 370 quaestorium.
907 305 965 351 H.
991 319 1030 350 e.
1057 301 1264 349 officium
1289 301 1451 348 scriboe
1483 299 1744 362 quaestoris.

307 372 562 430 Extremi-s.
589 385 733 441 Sunt,
756 380 841 444 qui
868 379 1043 426 addant
1056 378 1266 437 judicius.
1286 402 1348 412 —
1365 376 1602 421 Extmmis
1626 376 1741 420 vita·
1772 385 1958 438 tempo-

243 460 393 515 ribus,
422 459 674 521 explicavit
697 461 948 505 Burmann.

309 537 558 582 convictor.
581 538 651 581 Ita
681 533 945 580 Casaubon.
977 531 1068 576 Alii
1104 533 1289 577 :victon

310 613 626 658 Pun’ssimum.
655 609 819 658 Wolff.
844 626 856 654 ε
874 607 1189 668 purissimum.

320 690 552 749 Optnatus
573 697 656 733 est.
681 683 997 743 Oudendorp.
1027 699 1038 727 :
1062 684 1295 728 ome'natus
1317 692 1396 727 est.

314 767 463 821 Quum
489 773 570 809 tot.
599 764 763 809 Horat.
781 795 793 818 ,
818 761 974 819 Epist.
990 793 1005 815 ,
1034 776 1103 818 11,
1140 775 1178 805 1.

312 840 593 886 Consulibus.
619 841 675 883 A.
700 839 760 884 U.
785 835 895 898 689.

314 918 363 963 C.
388 915 572 963 Marcio
598 913 848 961 Censorino
867 945 882 968 ,
912 912 959 958 C.
987 911 1154 957 Asinio
1176 913 1318 957 Gallo
1339 913 1613 958 consulibus.
1642 916 1700 959 A.
1728 914 1786 960 U.
1814 914 1923 972 746.

1042 1083 1175 1094 ---.

899 1220 1112 1258 LUCANI
1157 1221 1310 1257 VITA.

315 1341 508 1384 Detecta
535 1340 861 1397 consur-attone.
888 1341 1008 1387 Vide
1034 1345 1232 1401 vaxu,
1257 1346 1433 1389 Annal.
1447 1379 1463 1400 ‚
1487 1361 1565 1402 xv,
1594 1350 1650 1402 47
1689 1353 1735 1389 et
1762 1343 1836 1391 55.

312 1414 594 1461 Nominavit.
622 1415 698 1462 Sic
722 1415 894 1474 Tacit.‚
927 1418 1037 1463 ibid.
1060 1419 1177 1494 356.

313 1491 555 1536 Eat-aravit.
586 1492 655 1536 Cf.
683 1493 848 1538 TAcxr.
868 1526 881 1549 ‚
907 1493 1012 1538 ibid.
1030 1527 1043 1547 ,
1073 1509 1148 1552 70.

317 1569 524 1613 Memini.
564 1570 620 1613 H.
655 1584 694 1614 e.
734 1569 949 1614 Suetonii
993 1579 1126 1616 aetate
1162 1572 1299 1631 pueri
1334 1581 1379 1618 et
1413 1572 1721 1619 adolescentis
1754 1577 1970 1634 praelecta
2046 1636 2048 1638 .

247 1632 389 1678 fuisse
406 1634 560 1679 adhuc
588 1641 807 1694 poemata
830 1635 1023 1679 Lucani.

1023 1798 1156 1808 ...ο-..-

864 1936 913 1972 C.
959 1936 1141 1975 PLINIl
1186 1938 1339 1976 VITA.

316 2044 682 2094 Novocomensis.
707 2054 858 2114 Immo
883 2055 1159 2101 Veronensis
1178 2073 1192 2100 :
1210 2058 1519 2106 confunditur
1542 2077 1649 2106 cum
1668 2062 1861 2121 juniore
1881 2067 1973 2110 Pli-

245 2118 350 2175 nio,
374 2119 457 2179 qui
481 2122 861 2181 Novocomensis,
897 2136 943 2172 et
972 2128 1108 2187 cujus
1140 2133 1402 2178 avunculus
1431 2134 1533 2179 fuit.
1575 2136 1706 2183 Idem
1739 2154 1873 2185 error
1905 2152 1974 2188 est

249 2195 553 2259 Hieronymi,
582 2199 750 2245 Chron.
780 2203 947 2249 Euseb.
962 2238 977 2260 ,
1014 2206 1076 2252 ad
1098 2222 1204 2254 ann.
1234 2208 1376 2256 2125.

317 2272 689 2334 Comprehendit.
714 2277 830 2323 Plin.
846 2314 858 2335 ‚
882 2281 1034 2341 Epist.
1049 2318 1063 2341 ,
1086 2299 1179 2343 111,
1207 2284 1234 2331 5
1270 2303 1282 2330 ε
1307 2305 1326 2327 α
1351 2279 1589 2335 Bellorum
1618 2293 1877 2339 Germaniae
1894 2296 1969 2340 vi-

246 2347 365 2408 ginti
380 2385 392 2407 ,
417 2350 592 2411 quibus
616 2354 770 2399 omnia
804 2372 908 2416 quae
931 2373 1038 2404 cum
1068 2362 1313 2409 Germanis
1335 2366 1559 2427 gessimus
1591 2366 1714 2414 bella
1730 2372 1933 2433 collegit.
1950 2393 1972 2415 ι

315 2425 578 2486 Oppressus
606 2440 688 2475 est.
719 2430 840 2477 Vide
868 2436 1004 2480 Pmn.
1031 2438 1184 2498 Epist.
1201 2472 1216 2494 ,
1243 2441 1321 2487 ub.
1349 2458 1453 2504 sup.

1025 2605 1189 2615 ———-

700 2735 756 2770 D.
802 2734 954 2775 JUNH
997 2740 1308 2781 JUVENALIS
1351 2745 1510 2784 VITA.

319 2848 490 2895 Satim.
515 2851 623 2897 scil.
653 2869 757 2914 quae
784 2857 980 2917 septima
1011 2868 1092 2905 est.

319 2923 459 2983 Quod
484 2942 576 2972 non
605 2929 735 2976 dant.
765 2933 1002 2993 Juvenal„
1034 2946 1117 2982 sat.
1142 2954 1228 2984 vu.

1042 3125 1191 3136 —-——
