2372 3918
356 266 417 311 9⁰
1017 252 1065 296 C.
1101 252 1386 298 sUETONII

354 364 473 408 rent
514 374 524 407 :
566 373 742 430 neque
778 355 878 409 iter
913 354 1069 426 fecit,
1103 356 1202 411 nisi
1240 366 1299 411 ut
1339 353 1585 411 vehiculo
1622 356 1918 426 anteirent,
1958 371 2051 413 aut

352 452 492 507 circa
528 451 920 528 adequitarent.
1330 500 1335 504 .

429 553 600 608 LXV.
646 552 753 610 Sed
791 551 974 609 laetum
1009 573 1166 626 eum,
1198 565 1362 630 atque
1400 554 1655 611 fidentem
1689 566 1745 610 et
1776 554 1962 612 sobole
2000 567 2053 613 e't

348 651 637 729 disciplina
685 651 912 723 domUS,
963 652 1200 710 fortuna
1233 653 1494 711 destituit.
1540 653 1741 723 Julias‚
1785 654 1950 710 filiam
1998 668 2054 711 et

347 765 590 829 neptem,
607 753 860 809 omnibus
882 752 1096 829 probris
1119 755 1538 827 contaminatas,
1559 753 1835 832 relegavit.
1855 756 2051 812 Caium

346 864 400 907 et
437 853 666 908 Lucium
704 853 760 907 in
796 851 1172 929 duodeviginti
1205 854 1474 910 mensium
1513 855 1687 931 spatio
1723 855 1903 910 amisit
1939 875 2054 910 am-

344 952 468 1023 bos,
500 952 635 1008 Caio
666 952 722 1011 in
751 952 942 1033 Lycia,
972 953 1148 1009 Lucio
1182 951 1461 1026 Massiliae,
1490 953 1776 1010 defunctis,
1809 954 2055 1011 Tertium

344 1063 629 1129 nepotem,
667 1053 1004 1130 Agrippam,
1043 1051 1314 1130 simulque
1357 1053 1704 1131 privignum,
1742 1055 2054 1126 Tiberium,

342 1152 623 1229 adoptavit
674 1153 732 1207 in
778 1155 922 1208 Foro
964 1151 1083 1230 lege
1124 1153 1350 1210 curiata.
1391 1155 1472 1210 Ex
1512 1153 1713 1230 quibus
1753 1155 2055 1231 Agrippam

340 1253 492 1308 brevi
525 1252 597 1307 ob
631 1252 909 1329 ingenium
953 1252 1230 1308 sordidum
1267 1273 1329 1308 ac
1365 1253 1516 1309 ferox
1556 1252 1855 1325 abdicavit,
1896 1275 2054 1332 sepo·

339 1354 556 1428 suitque
575 1355 921 1408 Surrentum.
945 1351 1245 1428 Aliquanto
1265 1363 1446 1408 autem
1468 1353 1763 1429 patientius
1783 1365 2017 1410 mortem
2039 1397 2055 1426 ,

339 1473 503 1528 quam
543 1452 808 1509 dedecora
849 1473 1075 1508 suorum
1112 1452 1256 1508 tulit.
1294 1453 1436 1509 Nam
1473 1452 1594 1508 Caii
1628 1454 1894 1529 Luciique
1928 1474 2054 1511 casu

339 1573 449 1607 non
479 1551 615 1607 adeo
644 1551 873 1624 fractuS,
909 1551 976 1608 de
1006 1551 1118 1621 filia
1151 1553 1343 1608 absens
1378 1573 1441 1608 ac
1473 1539 1657 1608 libello
1685 1573 1783 1629 per
1818 1565 2052 1629 quaesto-

337 1672 450 1707 rem
470 1652 722 1721 recitate,
748 1663 941 1707 notum
971 1652 1182 1708 senatui
1203 1651 1351 1722 fecit3
1371 1652 1742 1728 abstinuitque
1758 1673 2053 1730 congressu

322 1751 623 1823 ‘hominum
647 1750 741 1807 diu
764 1771 876 1828 prae
901 1751 1137 1828 pudore,
1164 1752 1327 1808 etiam
1352 1751 1419 1807 de
1444 1751 1688 1807 necanda
1710 1751 2050 1808 deliberavit.

308 1852 499 1914 'Certe
531 1871 701 1927 quum
736 1851 837 1907 sub
870 1851 1013 1907 idem
1045 1863 1262 1929 tempus
1301 1872 1412 1908 una
1451 1872 1518 1907 ex
1534 1904 1540 1906 ,,
1557 1852 1787 1907 consciis
1826 1851 2048 1924 liberta,

336 1950 539 2006 Phoebe
563 1951 810 2023 nomine,
834 1950 1127 2028 suspendio
1149 1952 1318 2008 vitam
1342 1951 1574 2024 finisset,
1600 1976 1626 2004 c<
1642 1950 1903 2025 Maluisse
1927 1973 2007 2025 se,
2024 1976 2052 2005 >2

334 2051 435 2123 ait,
468 2051 738 2108 «Phoebes
767 2063 979 2128 patrem
1011 2051 1193 2107 fuisse.
1212 2076 1238 2103 ³>
1268 2050 1541 2129 Relegatae
1571 2072 1732 2108 usum
1763 2053 1903 2125 vini,
1930 2074 2050 2109 om-

334 2171 567 2227 nemque
591 2150 959 2208 delicatiorem
982 2149 1194 2207 cultum
1222 2151 1425 2207 ademit
1453 2173 1465 2206 :
1498 2172 1674 2228 neque
1701 2151 1840 2207 adiri
1863 2172 1892 2207 a
1917 2173 2054 2228 quo-

333 2251 480 2328 piam
505 2249 677 2307 libero
702 2271 950 2323 servove,
975 2251 1079 2308 nisi
1102 2273 1158 2307 se
1180 2250 1458 2324 consult0,
1482 2251 1756 2328 permisit,
1782 2263 1838 2307 et
1865 2253 1968 2324 ita,
1991 2265 2052 2308 ut

334 2352 533 2407 certior
578 2351 765 2423 fieret,
809 2373 919 2428 qua
963 2352 1007 2407 is
1052 2364 1239 2423 aetate,
1284 2372 1392 2428 qua
1434 2364 1672 2423 statura,
1715 2373 1825 2427 quo
1868 2351 2052 2409 colore
2138 2392 2154 2414 .

332 2463 500 2524 esset,
529 2452 692 2507 etiam
720 2452 920 2528 quibus
949 2453 1195 2529 corporis
1221 2452 1391 2520 notis,
1420 2449 1503 2505 vel
1534 2451 1893 2507 cicatricibus.
1921 2454 2052 2508 Post

333 2552 772 2627 quinquennium
804 2551 1026 2606 demum
1057 2571 1123 2606 ex
1153 2549 1333 2606 insula
1364 2550 1420 2604 in
1452 2551 1848 2623 continentem,
1880 2550 2049 2608 lenio-

334 2650 595 2726 ribusque
628 2649 796 2728 paulo
827 2650 1268 2721 conditionibuS,
1301 2649 1582 2706 transtulit
1614 2671 1750 2706 eam.
1786 2653 1956 2725 Nam,
1987 2665 2050 2708 ut

333 2751 560 2806 omnino
600 2762 908 2823 revocaret,
949 2751 1162 2809 exorari
1203 2748 1359 2806 nullo
1397 2750 1562 2806 modo
1602 2750 1819 2827 potuit3
1857 2750 2048 2829 depre-

332 2850 478 2904 canti
536 2870 689 2927 saepe
725 2848 932 2927 populo
988 2870 1217 2906 romano
1235 2893 1250 2922 ,
1298 2862 1352 2906 et
1405 2851 1736 2928 pertinacius
1789 2850 2047 2921 instanti,

331 2947 508 3005 «tales
534 2931 690 3006 ‘filias'
715 2948 966 3026 talesque
1002 2951 1304 3028 conjuges»
1341 2971 1445 3027 pro
1480 2951 1744 3006 concione
1780 2951 2044 3027 impreca-

331 3062 436 3106 tuS.
471 3053 554 3107 Ex
583 3062 744 3127 nepte
774 3054 803 3106 J
809 3049 917 3108 ulia
950 3063 1075 3130 post
1108 3050 1512 3105 damnationem
1544 3049 1752 3106 editum
1784 3049 2043 3105 infantem

332 3153 554 3228 agnosci
592 3150 771 3227 alique
808 3152 997 3207 vetuit.
1034 3150 1334 3227 Agrippam
1375 3149 1546 3206 nihilo
1585 3148 2006 3206 tractabiliorem
2027 3194 2040 3220 ‚

333 3252 498 3308 immo
546 3254 600 3307 in
646 3252 757 3308 dies
802 3251 1188 3318 amentiorem,
1237 3250 1293 3304 in
1342 3248 1571 3305 insulam
1619 3250 2039 3324 transportavit,
