2372 3918
408 298 423 328 1
439 282 499 330 30
1173 285 1364 330 NOTAE

471 381 613 425 Ratio
641 380 753 438 ‘ejus
791 380 963 426 haberi.
999 382 1054 426 H.
1092 397 1130 427 e.
1172 382 1220 426 in
1260 381 1621 427 candidatorum
1661 397 1910 426 numerum
1949 380 2095 442 recipi
2126 398 2137 426 z

402 459 520 502 ratio
559 473 650 502 non
684 458 850 503 haberi
882 459 1069 503 illorum
1102 450 1372 516 dicebatur,
1402 458 1486 519 qui
1511 474 1536 503 a
1574 458 1872 521 magistratus
1908 458 2138 519 petitione

401 535 762 595 repellebantur,
779 534 903 593 Liv.‚
929 549 1031 592 vn,
1050 550 1109 580 22
1134 552 1144 580 ε
1172 556 1190 575 «
1213 536 1341 592 Quin
1366 537 1506 581 ambo
1532 544 1632 580 tum
1656 535 1779 580 forte
1803 534 1990 595 patricii
2015 551 2138 580 con-

400 614 521 659 sules
544 622 699 672 erant,
724 614 808 675 qui
830 612 1061 659 rationem
1092 613 1194 672 ejus
1217 629 1263 658 se
1283 613 1806 677 habiturosffinegabant.
1825 631 1851 654 n

471 691 744 736 Solveretur.
767 690 964 737 Absenti
1000 691 1296 735 consulatum
1318 700 1480 751 petere
1503 675 1698 735 vetitum
1723 699 1823 735 erat
1847 691 1963 752 lege.

470 769 863 814 Contradicerent.
888 767 1007 825 Dio,
1034 783 1205 813 xxxvn
1224 803 1236 825 ,
1263 769 1322 823 54
1355 786 1365 814 τ
1401 781 1480 819 Τοῦ
1509 778 1703 825 Κάτωνος
1719 776 1783 818 ὅτε
1810 775 1994 834 μάλιστα
2030 776 2140 817 ἐναν-

399 854 616 903 nativ-rog.

465 924 575 969 Cu.
601 925 739 969 XIX.
770 924 1056 969 Consulatus.
1081 926 1192 969 Vox
1215 924 1432 984 apposita
1457 925 1587 970 haud
1611 923 1769 970 dubie.

466 1002 725 1046 Lucceium.
748 1002 821 1046 De
846 1016 946 1061 quo
970 1000 1065 1047 Cic.
1092 1003 1162 1046 ad
1182 1004 1276 1046 Act.
1296 1035 1310 1055 ‚
1342 1016 1388 1059 1,
1419 1016 1492 1060 17.

466 1079 804 1124 Pronuntiaret.
832 1078 891 1123 H.
933 1094 972 1124 e.
1011 1080 1167 1140 palam
1197 1076 1513 1138 promitteret.
1547 1076 1642 1124 Cie.
1680 1080 1751 1123 ad
1785 1083 1883 1123 Att.
1901 1111 1916 1133 ,
1956 1092 2003 1135 1,
2043 1090 2096 1120 11
2128 1092 2139 1121 ε

399 1176 421 1196 «ι
439 1155 566 1200 Novi
599 1164 667 1201 est
699 1154 749 1199 in
772 1156 875 1216 lege
907 1156 1026 1213 hoc,
1066 1164 1120 1200 ut
1145 1154 1229 1216 qui
1262 1170 1484 1200 nummos
1514 1155 1564 1200 in
1605 1155 1758 1201 tribus
1788 1153 2140 1216 pronuntiave-

398 1233 482 1289 rit,
507 1242 592 1277 etc.
612 1251 637 1273 n

469 1311 514 1352 E
536 1309 778 1369 republica
797 1309 922 1366 fieri.
950 1310 1007 1354 H.
1035 1324 1074 1354 e.
1100 1308 1263 1353 utilem
1288 1325 1399 1354 esse.
1426 1310 1522 1356 Cic.
1551 1311 1619 1354 ad
1645 1311 1806 1364 Brut„
1832 1325 1863 1352 v
1888 1323 1900 1352 ι
1926 1328 1946 1350 α
1972 1307 2023 1354 Si
2059 1323 2142 1353 ar—

396 1385 573 1430 bitrare
597 1385 713 1430 utile
735 1401 859 1447 eque
883 1384 1131 1446 republica
1153 1401 1266 1431 esse.
1292 1406 1316 1427 η

462 1465 845 1509 Decernerentur.
869 1462 947 1509 Ad
960 1452 1238 1522 hujusmodi
1260 1463 1531 1523 provincias
1547 1470 1701 1524 quum·
1719 1461 1862 1509 nullis
1878 1476 2002 1523 opus
2025 1469 2145 1507 esset

398 1541 569 1602 copiis,
602 1541 760 1587 minus
783 1549 886 1587 erat
913 1557 938 1586 a
963 1542 1142 1587 Caesare
1164 1541 1504 1588 metuendum.'

472 1619 883 1679 Confirmat-entur.
919 1619 1152 1665 Obstante
1185 1619 1446 1679 praesertim
1485 1621 1690 1665 Lucullo
1731 1634 1743 1665 ε
1782 1619 1861 1665 cui
1898 1621 2143 1666 Metellum

397 1697 637 1742 Creticum
660 1696 795 1742 addit
817 1695 1048 1755 Velleius,
1074 1710 1141 1754 11,
1176 1703 1252 1751 4ο.
1451 1746 1452 1749 ¹

470 1775 739 1821 Ges-serant.
764 1777 819 1835 A.
845 1777 904 1822 U.
931 1773 1042 1830 684.
1069 1769 1142 1820 De
1164 1770 1340 1820 horum
1365 1775 1602 1821 discordia
1625 1774 1735 1821 vide
1750 1777 1981 1834 Atrum,
2004 1776 2056 1821 Β.
2074 1775 2144 1834 C.,

396 1870 436 1910 1,
460 1867 508 1913 p.
539 1852 777 1910 ιβιδ-427.
823 1892 825 1894 .
2059 1838 2078 1843 ”

462 1930 756 1975 Societatem.
782 1931 856 1975 De
882 1943 979 1991 qua
1001 1931 1204 1988 Lucan„
1235 1946 1279 1989 1,
1307 1930 1368 1977 85
1394 1945 1406 1973 :

574 2076 870 2087 .........
895 2048 961 2085 Tu
981 2058 1098 2085 causa
1117 2045 1336 2094 malorum,

573 2117 692 2156 Facta
712 2114 839 2155 tribus
858 2114 1032 2154 dominis
1050 2115 1271 2155 communis
1288 2117 1428 2155 Roma.
1456 2146 1465 2155 .
1487 2146 1498 2155 .

463 2228 574 2272 Car.
599 2228 715 2272 XX.
734 2227 1099 2272 Publicarentur.
1112 2226 1113 2229 ’
1124 2228 1252 2271 Dum
1267 2226 1548 2279 Suetonium
1559 2225 1741 2272 ‘erroris
1757 2225 1970 2272 Graevius
1982 2226 2076 2272 hoc
2091 2226 2142 2271 in

395 2307 502 2350 loco
519 2302 699 2366 arguit,
723 2302 990 2349 audiendus
1006 2304 1073 2349 cl.
1088 2304 1211 2348 Hase
1226 2318 1237 2348 ς
1255 2324 1275 2345 «
1292 2303 1574 2349 Memoriam
1588 2318 1752 2349 rerum
1773 2303 1966 2364 publice
1981 2311 2141 2367 gesta—

394 2397 501 2426 rum
512 2417 526 2440 ,
537 2379 734 2443 singulis
757 2379 892 2426 annis
907 2390 1044 2426 antea
1059 2380 1226 2427 litteris
1249 2381 1491 2427 mandavit
1505 2380 1724 2442 pontifex
1735 2380 1966 2427 maximus
1979 2416 1993 2440 ‚
2009 2381 2141 2443 iique

398 2458 596 2504 annales
628 2459 838 2503 maximi
867 2467 976 2504 sunt
1009 2458 1262 2519 appellati,
1285 2468 1340 2504 ut
1370 2459 1491 2505 adeo
1522 2459 1637 2505 actis
1672 2459 1856 2505 diurnis
1893 2475 2014 2520 opus
2037 2474 2138 2506 non

395 2545 528 2582 esset.
563 2537 673 2582 Haec
708 2536 951 2582 annalium
978 2535 1437 2589 conscribendorum
1466 2537 1591 2582 ratio
1625 2537 1857 2596 obtinuit,
1887 2553 2040 2599 usque
2079 2538 2140 2584 ad

394 2612 669 2674 pontificem
693 2615 743 2660 P.
768 2613 995 2671 Mutium,
1019 2614 1066 2658 h.
1093 2628 1132 2658 e.
1158 2613 1221 2658 ad
1243 2607 1452 2665 medium
1481 2629 1637 2675 prope
1653 2615 1864 2660 seculum
1887 2615 2138 2675 septimum

395 2691 455 2736 ab
478 2692 537 2737 U.
564 2691 640 2749 C.‚
662 2698 830 2750 postea
852 2689 1049 2735 fortasse
1081 2690 1144 2734 ob
1170 2691 1336 2735 turbas
1364 2691 1644 2738 domesticas
1676 2691 1857 2739 omissa.
1888 2692 2006 2739 Ideo
2036 2694 2140 2739 Cae-

395 2783 470 2814 sar
503 2783 597 2812 cos.
631 2775 733 2812 acta
765 2765 940 2811 diurna
970 2765 1193 2825 instituit,
1223 2776 1334 2828 post
1361 2767 1465 2827 ejus
1491 2769 1790 2815 consulatum
1818 2779 2022 2831 propter
2046 2786 2139 2831 op-

398 2844 631 2890 timatium
646 2843 871 2890 invidiam
897 2843 1160 2890 intermissa
1164 2880 1239 2890 .....
1267 2847 1326 2891 ab
1352 2846 1521 2891 eodem
1548 2849 1726 2893 Caesare
1749 2846 1922 2893 iterum
1945 2851 2138 2900 consule

395 2931 441 2967 et
465 2922 698 2968 dictatore
717 2931 885 2982 postea
908 2921 1138 2967 restituta.
1168 2942 1187 2962 »

465 3000 569 3058 Quo
598 3014 777 3045 mense.
821 2999 1028 3045 Alternis
1058 3000 1298 3045 mensibus
1335 3000 1498 3063 fasces,
1521 3002 1763 3048 habebant
1802 3020 1943 3063 coss.;
1974 3017 2133 3050 mense

393 3077 573 3139 priori,
599 3078 764 3123 consul
789 3087 923 3124 aetate
952 3078 1128 3138 major3
1152 3079 1394 3139 sequenti,
1434 3063 1552 3139 ejusx
1566 3082 1760 3144 collega.
1790 3080 2054 3140 Plutarch,
2085 3082 2135 3128 in

395 3155 571 3200 Pobll‘c-
590 3172 606 3199 -·
621 3159 651 3218 ᾧ
668 3169 739 3213 τῆς
750 3162 1367 3221 ἡγεμ-ονικωτἔραςέξιστοὶμενος
1379 3150 1462 3207 ὄντ’-ι
1479 3163 1738 3223 πρεσῧυτέρῳ
1752 3164 1904 3217 τάξεως
1914 3163 2132 3223 παρέδωκε

394 3239 483 3288 τοὺς
512 3242 778 3297 καλουμένους
792 3242 958 3297 φάσκης,
989 3234 1130 3290 Gell.,
1157 3249 1235 3291 XI,
1267 3235 1322 3280 15
1352 3250 1362 3277 Ζ
1388 3255 1406 3275 «
1421 3235 1585 3295 capite
1610 3236 1810 3296 septimo
1836 3237 1950 3298 legis
1971 3237 2133 3295 Juliae,

394 3308 545 3368 priori
567 3325 624 3354 ex
652 3311 923 3355 consulibus
947 3311 1091 3357 fasces
1119 3312 1335 3357 sumendi
1364 3311 1572 3372 potestas
1596 3313 1716 3358 facta
1747 3322 1838 3371 est,
1865 3314 1948 3374 qui
1971 3316 2132 3374 plures
