2372 3918
554 288 637 333 DE
670 285 1082 333 ILLus'rlusz
1118 287 1579 334 GRAMMATICIS.
1886 290 1944 352 89

219 392 434 448 Dianoe
467 392 648 450 Cinna
679 413 691 447 :

445 532 610 580 Secula
635 538 909 593 permaneat
934 529 1087 576 nostri
1113 530 1274 575 Diana
1302 530 1510 577 Catonis.

216 656 370 712 Vixit
399 654 469 712 ad
503 668 803 721 extremam
835 666 1144 723 senectam,
1178 653 1274 711 sed
1307 656 1364 711 in
1409 676 1626 712 summa
1664 659 1946 734 pauperie,

215 769 271 813 et
306 778 459 835 paene
501 757 723 834 inopia,
758 754 978 812 abditus
1013 754 1233 812 modico
1273 756 1563 835 gurgustio
1593 799 1609 826 ,
1653 769 1946 834 postquam

214 856 499 914 tusculana
533 846 661 912 villa
705 854 1070 912 creditoribus
1111 868 1381 931 cesserat,
1416 869 1478 914 ut
1510 868 1704 914 auctor
1734 868 1818 913 est
1854 858 1946 914 Bi-

211 957 440 1017 baculus
470 979 483 1014 ε

473 1098 525 1145 si
546 1097 655 1158 quis
685 1097 809 1143 forte
839 1098 934 1143 mei
956 1098 1152 1144 domum
1182 1099 1397 1157 Catonis,

475 1175 697 1237 Depictas
719 1175 870 1222 minio
894 1178 1096 1235 assulas,
1120 1186 1167 1222 et
1188 1176 1297 1222 illos

475 1252 695 1299 Custodis
721 1252 854 1299 videt
874 1254 1093 1299 hortulos
1115 1254 1300 1315 Priapi,

474 1331 693 1389 Miretur,
717 1331 889 1391 quibus
913 1331 993 1378 ille
1016 1331 1278 1393 disciplinis

478 1409 678 1454 Tantam
709 1408 769 1454 sit
799 1409 1077 1470 sapientiam
1111 1420 1369 1472 assecutus,

477 1487 632 1544 Quem
661 1495 754 1533 tres
780 1487 1023 1545 cauliculi,
1050 1497 1096 1533 et
1129 1489 1303 1535 selibra
1331 1489 1492 1547 farris,

478 1565 673 1611 Racemi
705 1565 824 1626 duo,
851 1566 1005 1627 tegula
1033 1566 1121 1611 sub
1151 1582 1243 1611 una

482 1643 563 1688 Ad
593 1659 825 1689 summam
851 1658 1006 1705 prope
1029 1644 1241 1689 nutriant
1267 1653 1520 1693 senectam.

211 1765 281 1824 Et
314 1766 459 1824 idem
493 1788 684 1825 rursus
710 1790 723 1824 ε

475 1908 671 1954 Catonis
703 1908 878 1966 modo,
903 1910 1066 1967 Galle,
1090 1911 1405 1958 Tusculanum

475 1986 597 2032 Tota
627 1986 836 2033 creditor
864 1988 983 2033 urbe
1004 1987 1297 2036 venditabat.

474 2063 641 2109 Mirati
662 2080 847 2123 sumus,
881 2065 1071 2112 unicum
1092 2067 1369 2129 magistrum
1386 2102 1400 2127 ‚

474 2141 716 2187 Summum
740 2143 1117 2203 grammaticum,
1141 2145 1373 2206 optimum
1397 2155 1608 2208 poetam,

473 2218 650 2264 Omnes
682 2221 866 2267 solvere
896 2237 1036 2282 posse
1070 2223 1350 2283 quaestiones
1366 2258 1380 2283 ,

474 2295 637 2341 Unum
667 2295 861 2344 difficile
889 2299 1116 2360 expedire
1141 2317 1334 2347 nomen.

408 2424 410 2427 f
474 2373 549 2418 En
571 2390 654 2420 cor
686 2376 944 2434 Zenodoti,
979 2393 1038 2423 en
1062 2377 1199 2437 jecur
1228 2379 1459 2425 Cratetis!

292 2502 422 2556 XII.
451 2498 745 2558 Cornelius
773 2502 1082 2580 EpicaduS,
1113 2504 1272 2561 Lucii
1299 2503 1543 2563 Cornelii
1568 2504 1734 2563 Sullae
1767 2506 1946 2564 dicta-

211 2600 348 2656 toris
387 2599 643 2673 libertuS,
676 2601 995 2680 calatorque
1044 2604 1102 2659 in
1139 2604 1452 2661 sacerdotio
1490 2605 1768 2684 augurali,
1798 2606 1946 2665 filio-

211 2721 320 2777 que
359 2702 477 2779 ejus
507 2704 708 2779 Fausto
751 2704 1092 2782 gratissimus
1124 2704 1229 2774 fuit
1265 2726 1279 2762 z
1315 2727 1485 2783 quare
1517 2728 1802 2785 nunquam
1833 2730 1946 2766 non

214 2801 504 2879 utriusque
529 2823 585 2859 se
610 2801 867 2860 libertum
891 2803 1078 2861 edidit.
1102 2805 1334 2863 Librum
1358 2819 1571 2880 autem,
1596 2829 1762 2885 quem
1793 2808 1945 2867 Sulla

215 2902 574 2960 novissimum
608 2902 677 2960 de
711 2903 876 2961 rebus
909 2904 1021 2961 suis
1056 2905 1434 2984 imperfectum
1468 2906 1793 2987 reliquerat,
1831 2910 1949 2988 ipse

214 3002 506 3081 supplevit.
1535 2995 1537 3000 ’

296 3106 452 3160 ΧΠΙ.
495 3104 762 3162 Laberius
791 3109 928 3164 Eros
971 3108 1106 3165 hero
1142 3129 1243 3165 suo
1288 3122 1469 3167 emtus
1507 3109 1575 3167 de
1609 3123 1847 3184 catasta,
1893 3124 1949 3168 et

216 3217 443 3282 propter
482 3204 791 3263 litterarum
834 3206 1078 3264 studium
1120 3210 1525 3282 manumissuS,
1572 3210 1762 3267 docuit
1807 3212 1949 3269 iuter

215 3316 426 3362 ceteros
467 3309 699 3363 Brutum
743 3318 796 3364 et
838 3309 1107 3366 Cassium.
1145 3312 1313 3379 Sunt,
1361 3312 1456 3388 qui
1493 3310 1755 3385 tradant,
1797 3324 1948 3368 tanta
