2372 3918
904 254 971 299 m
1007 253 1353 298 cunnum.
1896 253 1987 311 2'37

340 353 447 398 Cn>-
478 353 629 398 XLII.
661 350 899 398 Oratione.
924 372 987 383 -·
1014 348 1185 393 Gnoeca
1213 347 1387 393 scilicet
1404 382 1418 406 ,
1451 349 1585 409 quod
1610 358 1710 395 erat
1723 358 1887 395 contra
1913 349 1988 393 in-

270 427 485 474 stitutum
507 436 732 474 veterum.

331 506 620 551 Excubitor-i.
654 506 712 550 H.
736 519 777 550 e.
809 502 894 564 qui
915 501 1249 548 excubitorum
1271 500 1459 547 cohorti
1490 511 1700 563 praeerat.

332 590 570 646 Χαλιπῆνῃ.
603 582 672 627 Al.
696 587 953 643 Χαλιπαίνῃ.
977 580 1151 623 Versus
1183 586 1252 623 est
1288 579 1338 623 in
1368 579 1566 640 Odys-s„
1589 594 1694 637 xvi,
1721 593 1779 636 7²
1799 613 1813 636 ,
1846 595 1986 641 quem

182 675 186 678 ’
264 659 380 705 citat
403 657 524 717 Dio,
555 675 641 718 Lx,
665 673 713 720 p.
739 655 849 716 675.

330 746 440 792 Cu».
468 746 647 793 XLIII.
667 747 800 791 Esse.
825 743 1000 802 Tacit.,
1025 744 1202 789 Annal.
1217 775 1234 799 ‚
1259 757 1335 788 ιιι
1351 776 1365 801 ,
1390 742 1452 798 61.
1479 759 1491 788 t
1517 762 1543 785 α
1559 742 1654 789 Sed
1675 743 1725 788 in
1747 745 1987 805 praecipuo

262 838 441 882 pavore
470 822 756 885 Agrippina,
785 836 951 867 vocem
974 819 1187 878 Claudii,
1212 835 1354 882 quam
1378 821 1664 866 temulentus
1691 819 1891 879 jecerat,
1901 820 1988 879 sa-

262 902 361 943 cale
382 898 473 944 sibi
484 933 500 954 ,
520 910 568 945 ut
590 901 835 960 conjugum
843 898 1045 960 flagitia
1058 897 1215 957 ferret
1227 931 1242 952 ‚
1259 898 1368 942 dein
1381 898 1587 958 puniret,
1610 906 1837 954 metuens,
1851 913 1988 959 agere

262 985 309 1021 et
332 979 538 1023 celerare
560 976 723 1022 statuit
737 1011 751 1036 ,
775 975 963 1037 perdita
994 974 1128 1037 prius
1151 975 1358 1020 Domitia
1385 974 1579 1035 Lepida.
1608 995 1628 1015 »

332 1055 625 1117 Complexus.
651 1055 722 1100 cf.
757 1057 923 1100 ΤΔοιτ.
939 1088 953 1111 ,
977 1055 1007 1099 1.
1033 1068 1100 1110 c.,
1126 1050 1204 1098 65.

328 1130 507 1181 Ῐάσεται.
538 1133 644 1177 Hoc
677 1132 921 1177 oraculum
951 1130 1163 1190 Telepho
1188 1129 1301 1174 olim
1331 1128 1493 1174 datum
1518 1131 1694 1176 Nostro
1727 1132 1930 1178 restituit
1964 1148 1988 1176 e

265 1207 404 1252 codd.
430 1207 698 1266 Victorius,
731 1209 841 1253 Var.
864 1209 1018 1261 Lect.‚
1072 1221 1208 1262 xxiv,
1249 1211 1319 1259 14.

326 1285 631 1330 Permitteret.
656 1284 860 1344 Xiphil.,
886 1299 995 1340 LXI,
1029 1299 1077 1343 p.
1104 1281 1201 1342 689
1226 1297 1238 1326 2
1264 1290 1428 1343 Γνήσιος
1456 1290 1531 1347 γὰρ
1562 1295 1631 1332 τοῦ
1656 1287 1864 1334 Κλαυδίου
1892 1292 1989 1339 παῖς

261 1368 466 1424 ἐπεφύκει,
494 1368 560 1411 καῖ
588 1375 638 1426 τῇ
663 1374 732 1412 τοῦ
757 1369 946 1427 σώματος
969 1369 1102 1425 ἀκμῇ,
1124 1367 1194 1409 καὶ
1221 1367 1317 1424 ὑπὲρ
1343 1373 1420 1408 τῶν
1450 1369 1546 1409 ἐτῶν
1570 1368 1882 1424 ἀριθμὸν,ἤνθιι.

337 1450 516 1495 Verum.
543 1451 600 1494 H.
631 1466 670 1496 e.
696 1466 795 1495 non
817 1449 1087 1495 arcessitum
1104 1483 1117 1506 ‚
1142 1447 1293 1508 qualis
1317 1457 1416 1493 erat
1444 1450 1586 1492 Nero.

324 1527 432 1571 Cn.
443 1527 616 1572 XLIV.
643 1528 755 1572 Non
779 1529 1022 1586 multoque.
1041 1526 1213 1570 Muller
1229 1523 1421 1568 suadet:
1446 1543 1470 1565 α
1493 1526 1527 1568 N
1535 1541 1595 1568 on
1617 1526 1764 1570 multo
1783 1525 1952 1587 itaque.
1967 1546 1986 1566 »

334 1604 561 1648 Occisum.
589 1603 659 1648 Cf.
683 1605 878 1660 TAcrr„
913 1603 1117 1658 Annal.,
1150 1615 1224 1645 xu
1243 1633 1257 1656 ‚
1291 1599 1352 1652 66
1387 1609 1433 1645 et
1459 1600 1519 1658 67
1552 1618 1562 1645 :
1598 1621 1622 1642 c<
1644 1600 1879 1662 Deligitur
1910 1618 1989 1646 ar-

261 1679 376 1726 tifex
400 1680 590 1739 talium‚
625 1681 861 1726 vocabulo
887 1682 1155 1725 Locusta....
1189 1678 1354 1739 peragi
1386 1678 1494 1723 cur'n
1517 1678 1726 1739 praemio.
1753 1698 1773 1719 ι

326 1759 566 1803 Halotum.
589 1758 665 1803 Sic
688 1757 835 1803 Tacit.
850 1790 865 1815 ,
895 1758 926 1804 l.
953 1773 992 1803 c.

329 1835 558 1879 Boletum.
585 1834 797 1880 Juvenal.
813 1867 829 1892 ‚
859 1842 944 1880 sat.
969 1850 1013 1891 v,
1053 1834 1141 1888 146
1166 1848 1180 1878 :

438 1979 597 2021 vilibus
622 1980 814 2035 ancipites
836 1980 946 2034 fungi
973 1986 1171 2034 ponentur
1195 1978 1348 2028 amicis3

435 2051 596 2091 Baletus
620 2051 805 2098 domium
830 2051 899 2091 sed
924 2051 1083 2105 qualem
1107 2049 1294 2092 Claudius
1317 2049 1402 2091 edit

433 2122 541 2159 Ante
565 2119 677 2160 illum
703 2121 858 2168 uxoris,
882 2129 1089 2175 postquam
1112 2120 1169 2160 nil
1192 2120 1360 2174 amplius
1382 2119 1477 2160 edit.

327 2259 437 2302 Cn.
465 2258 612 2303 XLV.
638 2259 860 2317 Suscepta
883 2268 1000 2302 sunt.
1031 2258 1101 2302 Cf.
1127 2258 1296 2302 Timr.
1314 2292 1325 2314 ,
1359 2258 1389 2301 1.
1416 2273 1481 2313 c.,
1506 2256 1585 2302 68.

335 2334 557 2379 Octobris.
591 2335 789 2393 Seneca,
826 2336 979 2395 Apok.
1013 2350 1028 2378 .-
1060 2351 1085 2375 α
1110 2333 1286 2378 Mensis
1318 2342 1415 2377 erat
1450 2333 1666 2391 october,
1697 2332 1797 2379 dies
1826 2334 1990 2379 tertius

267 2410 372 2455 idus
405 2411 631 2456 octobris.
660 2430 684 2452 n
717 2414 787 2456 lta
810 2410 931 2467 Dio,
956 2427 1040 2469 Lx,
1064 2426 1112 2471 p.
1146 2409 1258 2455 688.

330 2487 617 2533 Consulibus.
644 2488 700 2532 A.
736 2489 794 2533 U.
822 2488 932 2544 807.

329 2566 515 2610 AEtutis.
548 2567 666 2610 Rem
691 2563 751 2609 ad
782 2564 1039 2610 severiores
1063 2565 1268 2610 calculos
1290 2552 1429 2609 vocat
1465 2566 1636 2609 Zonar.
1656 2599 1669 2622 ,
1693 2567 1893 2620 Annal.,
1923 2581 1962 2610 ιι
1977 2600 1992 2624 ,

262 2655 307 2700 p.
344 2641 431 2698 187
459 2656 470 2686 :
505 2648 638 2697 Ζῆσας
661 2648 731 2693 ἔτη
759 2648 826 2690 ἐπὶ
856 2648 982 2705 τρίσιν
1017 2646 1209 2698 ἐξήκοντα
1233 2647 1302 2691 καὶ
1327 2653 1454 2706 μῆνας
1482 2644 1554 2691 δύο
1588 2647 1658 2691 καὶ
1686 2649 1838 2706 ἡμέρας
1871 2664 1992 2705 τρισ-

261 2720 451 2767 notitiem.

332 2806 526 2867 Pompa.
558 2807 732 2865 Tacit„
757 2809 959 2862 Annal.,
984 2823 1082 2865 xxx,
1110 2808 1172 2868 69
1198 2823 1209 2851 ε
1236 2827 1261 2849 α
1278 2808 1594 2870 Coelestesque
1615 2809 1820 2855 honores
1848 2811 1992 2855 Clau-

261 2882 343 2927 dio
368 2882 703 2941 decernuntur,
732 2892 779 2929 et
807 2884 982 2930 funeris
1020 2878 1483 2944 solemnesperinde
1521 2901 1574 2931 ac
1611 2885 1723 2931 divo
1751 2889 1964 2949 Augusto

263 2959 543 3017 celebratur,
566 2962 811 3006 aemulante
834 2961 1102 3022 Agrippina
1125 2961 1330 3022 proaviae
1356 2963 1500 3008 Liviae
1521 2961 1933 3025 magnificentiam.
1965 2984 1988 3005 n

330 3036 427 3080 Per
453 3036 814 3096 Vespasianum.
840 3037 910 3083 Cf.
936 3038 1043 3084 infr.
1077 3039 1275 3100 Vespas.
1290 3071 1304 3093 ‚
1335 3054 1401 3083 ιι.

330 3112 442 3158 Cu.
467 3113 633 3157 XLVI.
662 3114 910 3175 Praesagia
932 3116 1107 3160 mortis.
1132 3114 1279 3160 Tacit.
1295 3149 1307 3172 ,
1335 3118 1534 3171 Annal„
1559 3131 1631 3160 xn
1652 3151 1661 3170 ,
1689 3116 1749 3170 61,
1778 3133 1788 3161 :
1814 3115 1992 3176 «Signa

267 3206 319 3235 ac
350 3188 551 3248 tentoria
581 3190 783 3236 militum
806 3191 915 3253 igne
933 3193 1111 3238 coelesti
1133 3208 1309 3251 arsere;
1334 3193 1522 3255 fastigio
1549 3193 1770 3253 Capitolii
1802 3209 1991 3238 examen

256 3258 409 3327 'apum
443 3266 641 3324 insedjt3
671 3267 897 3313 biformes
932 3269 1175 3315 hominum
1202 3278 1388 3329 partus,
1416 3279 1458 3313 et
1485 3271 1578 3315 suis
1614 3271 1758 3315 fetum
1789 3270 1987 3322 editum,
