2372 3918
373 317 466 363 230
1046 315 1094 359 C.
1125 314 1416 361 SUETONII

373 420 646 498 coepitque
669 440 701 475 a
723 439 855 495 pace
878 418 1053 490 civili3
1083 438 1252 494 quum
1282 419 1534 487 sentiret,
1566 438 1745 494 neque
1772 417 1967 490 libere,
1994 442 2077 475 ne-

372 541 478 597 que
513 541 668 590 vere,
713 519 817 575 sibi
847 518 914 574 de
947 518 1317 595 superioribus
1351 518 1603 574 tradendi
1632 530 1955 594 potestatem
1987 540 2074 574 νε·

370 619 581 690 lictam,
627 631 911 695 correptus
954 637 1094 693 saepe
1129 628 1184 673 et
1223 639 1254 674 a
1296 631 1468 674 matre
1506 631 1559 674 et
1591 618 1659 673 ab
1696 618 1834 674 avia.
1876 619 2081 675 Prioris

369 721 609 776 materiae
629 719 738 775 duo
767 716 1069 786 volumina,
1102 718 1416 794 posterioris
1445 739 1616 774 unum
1643 730 1696 774 et
1718 717 2079 795 quadraginta

369 818 607 895 reliquit.
644 818 967 895 Composuit
1011 829 1067 873 et
1110 817 1228 873 «de
1260 819 1389 874 Vita
1429 839 1567 874 sua»
1612 830 1736 874 octo
1774 816 2080 886 volumina,

369 919 544 994 magis
582 919 789 994 inepte,
830 938 993 994 quam
1034 915 1406 995 ineleganter:
1448 919 1574 974 item
1614 918 1941 975 «Ciceronis
1983 916 2078 972 de-

369 1018 669 1073 fensionem
696 1016 951 1073 adversus
977 1017 1151 1073 Asinii
1179 1016 1323 1074 Galli
1354 1016 1550 1086 libros,
1569 1042 1596 1070 »
1632 1018 1758 1073 satis
1791 1017 2079 1073 eruditam.

368 1120 554 1175 Novas
583 1119 746 1174 etiam
773 1130 1115 1176 commentus
1145 1129 1226 1173 est
1252 1116 1457 1173 litteras
1485 1130 1619 1186 treS,
1649 1138 1711 1174 ac
1742 1138 1972 1173 numero
2000 1139 2084 1173 ve-

368 1230 573 1286 terum,
603 1219 758 1293 quasi
791 1218 1026 1273 maxime
1055 1219 1406 1288 necessarias,
1443 1215 1653 1273 addidit
1681 1239 1694 1273 :
1742 1216 1811 1273 de
1848 1237 2081 1293 quarum

368 1318 580 1374 ratione
615 1338 783 1393 quum
830 1317 1077 1392 privatus
1125 1317 1305 1372 adhuc
1342 1314 1598 1372 volumen
1633 1315 1919 1387 edidisset,
1954 1337 2084 1371 mox

368 1418 622 1492 princeps
647 1431 760 1472 non
785 1415 1076 1471 difficulter
1103 1417 1368 1487 obtinuit,
1404 1428 1464 1471 ut
1491 1418 1552 1470 in·
1576 1436 1677 1471 usu
1709 1436 1928 1491 quoque
1956 1437 2086 1492 pro-

368 1517 577 1572 miscuo
611 1528 801 1571 essent>
840 1519 1031 1572 Exstat
1062 1514 1184 1571 talis
1213 1517 1481 1592 scriptura
1514 1516 1570 1569 in
1602 1514 1872 1592 plerisque
1904 1514 2085 1587 libris,

371 1616 503 1671 actis
536 1615 772 1683 diurniS,
810 1615 1091 1692 titulisque
1118 1636 1366 1693 operum.
1877 1680 1880 1685 Ι

448 1718 624 1772 XLII.
677 1717 791 1772 Nec
834 1717 1048 1773 minore
1101 1737 1231 1772 cura
1274 1736 1448 1792 graeca
1497 1714 1679 1770 studia
1720 1727 1937 1770 secutus
1976 1728 2084 1784 est,

370 1836 611 1871 amorem
657 1816 1137 1892 praestantiamque
1178 1814 1386 1892 'linguae
1434 1814 1719 1870 occasione
1765 1815 1916 1870 omni
1963 1835 2088 1891 pro-

370 1915 556 1971 fessus,
620 1915 855 1972 Cuidam
905 1916 1167 1987 barbam,
1195 1991 1197 1993 η
1230 1937 1403 1994 graece
1455 1927 1510 1971 et
1558 1914 1726 1971 latine
1771 1914 2084 1984 disserenti,

369 2015 595 2086 «Quum
619 2025 880 2090 utroque,
900 2039 927 2067 >2
954 2016 1160 2091 inquit,
1191 2036 1479 2071 «sermone
1495 2026 1684 2071 nostro
1703 2015 1774 2070 sis
1802 2027 2040 2091 paratus.
2059 2039 2085 2066 n

365 2115 437 2169 Et
465 2113 521 2168 in
556 2112 988 2170 commendanda
1025 2115 1275 2191 patribus
1304 2115 1627 2191 conscriptis
1655 2114 1885 2185 Achaia,
1916 2137 1944 2166 «
1968 2134 2088 2191 gra-

370 2223 479 2267 tam
531 2212 632 2267 sihi
679 2214 1050 2289 provinciam,
1073 2239 1101 2267 >³
1154 2217 1259 2285 ait,
1308 2214 1728 2270 «communium
1778 2213 2085 2269 studiorum

366 2313 709 2368 commerciO.
729 2337 757 2364 »
775 2315 853 2369 Ac
880 2334 1021 2391 saepe
1046 2315 1103 2369 in
1122 2327 1315 2371 senatu
1335 2312 1524 2391 legatis
1548 2326 1812 2391 perpetua
1839 2313 2085 2368 oratione

368 2410 671 2487 respondit.
710 2411 951 2468 Multum
989 2435 1117 2470 vero
1155 2435 1257 2491 pro
1294 2413 1555 2469 tribunali
1586 2414 1750 2468 etiam
1780 2412 2084 2468 Homericis

369 2509 583 2566 locutus
609 2523 693 2567 est
718 2513 976 2569 versibus.
1011 2515 1245 2585 Quoties
1270 2512 1492 2588 quidem
1522 2512 1734 2568 hostem
1755 2510 1838 2567 vel
1867 2510 2087 2566 insidia-

366 2621 543 2665 torem
580 2607 727 2665 ultus
760 2623 931 2681 esset,
967 2605 1272 2666 excubitori
1305 2611 1558 2680 tribuno,
1592 2615 1810 2688 signum
1839 2610 1906 2666 de
1935 2631 2086 2666 more

367 2710 636 2784 poscenti,
671 2730 783 2765 non
817 2714 1022 2766 temere
1043 2710 1192 2766 aliud
1217 2709 1392 2783 dedit,
1423 2731 1588 2787 quam

532 2864 655 2930 Zvdp’
682 2875 988 2931 ἐπαμύνασθοιι,
1015 2877 1080 2918 ὅτε
1108 2893 1167 2925 τις
1191 2877 1377 2934 πρότερος
1400 2877 1623 2932 χαλεπήνῃ.

368 3008 620 3084 Denique
666 3021 719 3064 et
770 3031 970 3086 graecas
1017 3012 1233 3086 scripsit
1278 3011 1564 3080 historiaS,
1615 3010 1942 3087 Τυρῤηνικῶν
1980 3033 2081 3079 xx,

370 3107 820 3181 Καρχηδονιακῶν
851 3130 973 3166 viu.
1018 3113 1267 3182 Quarum
1314 3130 1476 3166 causa
1525 3112 1694 3167 veteri
1741 3109 2081 3168 Alexandriae

368 3227 557 3263 museo
591 3208 825 3264 alterum
859 3209 1106 3266 additum
1137 3229 1200 3264 ex
1239 3211 1408 3286 ipsius
1451 3212 1700 3282 nomine3
1736 3209 2078 3265 institutum-

371 3326 502 3380 que,
550 3319 607 3361 ut
648 3309 940 3383 quotannis
984 3311 1039 3362 in
1071 3308 1240 3364 altero
1273 3308 1593 3385 Τυῤῥηιιικῶν
1629 3309 1778 3379 libri,
1818 3309 1874 3363 in
1909 3307 2080 3365 altero
