2372 3918
941 268 1243 316 TIBERIUS.
1866 278 1883 308 1
1895 260 1923 309 5
1933 278 1950 308 1

241 378 724 459 corrigendorum,
754 374 849 434 sed
889 387 945 432 et
980 374 1153 451 magis
1185 383 1396 428 naturae
1432 370 1850 446 obtemperans,
1882 368 1959 424 ita

243 501 380 537 saeve
417 492 472 537 et
512 478 772 536 atrociter
798 473 1066 532 factitavit
1084 516 1101 546 ,
1130 484 1194 528 ut
1228 467 1483 527 nonnulli
1510 466 1791 524 versiculis
1820 486 1959 543 quo-

242 601 350 657 que
380 592 446 637 et
466 578 752 658 praesentia
785 575 1215 654 exprobrarent,
1253 583 1308 629 et
1338 570 1527 627 futura
1560 568 1958 624 denunciarent

243 678 384 736 mala
399 700 414 736 :

371 842 517 899 Asper
541 844 586 884 et
613 836 823 894 immitis,
852 833 1061 880 breviter
1086 833 1157 879 vis
1184 831 1342 879 omnia
1370 828 1558 876 dicam?

433 914 707 975 Dispeream
722 947 735 971 ,
766 912 806 958 si
827 920 873 957 te
899 920 1050 956 mater
1077 925 1232 955 amare
1257 916 1426 968 potest.

373 993 481 1038 Non
508 1007 556 1038 es
582 1007 736 1053 eques.
763 989 948 1048 Quare?
974 1005 1075 1035 non
1098 996 1206 1034 sunt
1227 987 1317 1033 tibi
1343 984 1491 1032 millia
1514 991 1730 1030 centumt

434 1069 605 1115 Omnia
631 1069 671 1116 si
701 1084 904 1130 quaeras,
931 1076 977 1114 et
1004 1065 1202 1112 Rhodos
1229 1063 1444 1110 exsilium
1470 1070 1552 1107 est.

372 1147 522 1192 Aurea
547 1146 735 1192 mutasti
761 1145 947 1193 Saturni
969 1145 1119 1190 secula
1134 1178 1146 1200 ‚
1174 1141 1352 1188 Caesar:

433 1223 665 1268 Incolumi
691 1239 802 1268 nam
827 1231 873 1269 te
901 1222 1049 1268 ferrea
1076 1236 1261 1281 semper
1288 1226 1437 1266 erunt.

371 1307 568 1353 Fastidit
589 1308 777 1365 vinum,
805 1308 913 1369 quia
938 1307 1036 1367 jam
1062 1306 1157 1352 sitit
1183 1306 1269 1351 iste
1298 1319 1542 1350 cruorem:

436 1385 553 1429 Tam
575 1384 697 1430 bibit
724 1385 849 1430 hunc
871 1384 1028 1440 avide,
1055 1399 1195 1444 quam
1220 1382 1344 1427 bibit
1370 1389 1478 1426 ante
1500 1393 1695 1424 merum.

370 1460 538 1520 Aspice
564 1461 744 1506 felicem
775 1460 891 1518 sibi,
921 1476 1019 1505 non
1045 1459 1163 1518 tibi,
1186 1459 1410 1515 Romule,
1442 1457 1646 1503 Sullam:

434 1537 492 1581 Et
517 1537 743 1595 Marium,
773 1538 813 1583 si
839 1537 932 1593 vis,
960 1536 1139 1597 aspice,
1169 1536 1252 1581 sed
1281 1535 1527 1581 reducem:

373 1613 469 1658 Nec
500 1628 599 1658 non
623 1615 829 1670 Antoni,
856 1613 1011 1659 civilia
1039 1614 1162 1659 bella
1181 1611 1441 1669 moventis,

434 1690 531 1733 Nec
553 1691 695 1736 semel
723 1690 918 1736 infectas
944 1690 1099 1750 aspice
1127 1689 1251 1735 caede
1274 1703 1463 1733 manus:

373 1763 432 1807 Et
455 1763 555 1822 dic,
578 1767 728 1811 Roma
756 1767 879 1826 perit
907 1783 918 1810 ε
941 1766 1160 1827 regnabit
1186 1765 1412 1826 sanguine
1440 1763 1614 1818 multo,

435 1840 509 1885 Ad
535 1856 731 1903 regnum
756 1842 963 1904 quisquis
985 1842 1115 1887 venit
1140 1842 1201 1887 ab
1227 1840 1407 1887 exsilio.

242 1976 381 2048 Quae
402 1975 583 2052 primo
601 2018 616 2049 ,
637 1977 794 2053 quasi
810 1977 880 2033 ab
905 1976 1319 2055 impatientibus
1339 1973 1714 2032 remediorum
1730 2014 1746 2043 ,
1773 1991 1837 2027 ac
1857 1990 1971 2027 non

242 2085 356 2130 tam
398 2094 465 2131 ex
498 2076 667 2132 animi
700 2079 992 2148 sententia,
1025 2097 1191 2154 quam
1227 2074 1339 2133 bile
1367 2086 1421 2131 et
1457 2073 1770 2145 stomach0,
1802 2071 1972 2148 finge-

242 2185 454 2247 rentur,
487 2173 703 2231 volebat
730 2176 931 2254 accipi3
959 2176 1281 2258 dicebatque
1310 2173 1645 2232 identidem:
1669 2170 1971 2240 «Oderint,

243 2272 376 2329 dum
398 2274 689 2351 probent.»
711 2276 853 2333 Dein
869 2318 885 2348 ,
912 2296 1041 2333 vera
1063 2274 1226 2354 plane
1252 2287 1509 2352 certaque
1531 2294 1675 2347 esse,
1705 2273 1819 2351 ipse
1844 2259 1973 2327 fecit

242 2374 425 2432 fidem.

319 2477 438 2532 LX.
483 2479 550 2532 In
591 2479 779 2554 paucis
811 2477 1003 2535 diebus
1023 2522 1038 2552 ,
1067 2499 1234 2556 quam
1272 2480 1514 2555 Capreas
1549 2475 1759 2553 attigit,
1791 2473 1970 2551 pisca-

243 2576 379 2648 tori,
415 2578 511 2653 qui
551 2578 653 2634 sibi
692 2590 964 2636 secretum
998 2579 1181 2657 agenti
1221 2577 1487 2657 grandem
1523 2574 1759 2632 mullum
1792 2573 1973 2650 inopi-

242 2687 440 2731 nanter
476 2675 779 2749 obtulerat,
815 2678 1100 2755 perfricari
1135 2677 1328 2735 eodem
1365 2678 1515 2756 pisce
1553 2675 1745 2733 faciem
1779 2674 1972 2752 jussit,

242 2774 495 2846 territus,
527 2775 678 2852 quod
705 2777 750 2833 is
777 2797 812 2833 a
838 2789 994 2854 tergo
1023 2776 1214 2834 insulae
1243 2798 1342 2855 per
1370 2796 1563 2855 aspera
1590 2787 1643 2832 et
1672 2775 1832 2832 devia
1859 2794 1974 2830 ere-

243 2873 435 2948 psisset
464 2873 534 2930 ad
561 2895 633 2932 se.
660 2870 984 2934 ‘Gratulanti
1014 2887 1196 2932 autem
1229 2877 1374 2932 inter
1404 2896 1649 2954 poenam,
1681 2874 1831 2951 quod
1859 2893 1972 2929 non

241 2984 297 3028 et
327 2971 620 3047 locustam,
654 2995 820 3053 quam
851 2975 1232 3059 praegrandem
1264 2986 1513 3053 ceperat,
1544 2972 1860 3042 obtulisset,
1891 2970 1974 3027 lo-

242 3084 397 3129 custa
438 3093 660 3151 quoque
703 3073 932 3132 lacerari
968 3095 1030 3131 os
1067 3074 1374 3152 imperavit.
1410 3072 1649 3132 Militem
1689 3071 1968 3150 praetoria-

244 3190 406 3243 num,
437 3173 508 3229 ob
532 3186 848 3251 surreptum
876 3195 906 3231 e
933 3175 1195 3255 viridario
1226 3195 1531 3252 pavonem,
1560 3172 1738 3250 capite
1768 3169 1971 3247 puniit.

244 3273 310 3326 In
337 3272 577 3349 quodam
603 3274 822 3348 itinere,
848 3273 1072 3347 lectica,
1099 3296 1209 3352 qua
1238 3275 1558 3344 vehebatur,
1589 3268 1848 3350 vepribus
1874 3268 1974 3324 im-
