2404 3984
11 2952 25 2983 η
7 2793 33 2938 2535.ae-
9 2754 19 2769 ε
4 2614 24 2733 '2³:¹⁴
11 2520 21 2565 -κ
16 2468 22 2479 f

832 241 880 284 C.
919 238 1135 284 JULIUS
1171 237 1399 284 CAESAR.
1952 238 1978 282 3

262 342 480 401 culariis
521 344 749 400 duobus.
788 343 932 398 Nam
969 341 1195 396 comites
1235 358 1528 414 servosque
1571 352 1778 397 ceteros
1820 342 1979 398 initio

263 445 445 500 statim
488 442 558 500 ad
601 438 964 519 expediendas
1007 441 1266 517 pecunias
1284 481 1301 509 ,
1344 438 1546 515 quibus
1590 439 1979 514 redimeretur,

263 543 555 600 dimiserat.
577 540 890 599 Numeratis
910 538 1107 596 deinde
1128 538 1527 615 quinquaginta
1551 537 1793 610 talentis,
1818 560 1982 616 expo-

262 643 394 700 situs
427 642 484 698 in
520 639 713 711 litore,
749 659 863 696 non
898 637 1142 710 distulit,
1178 638 1312 715 quin
1348 658 1379 694 e
1416 638 1647 715 vestigio
1684 636 1854 694 classe
1892 639 1984 695 de-

263 741 425 798 ducta
460 751 878 818 persequeretur
919 738 1216 810 abeuntes3
1263 758 1326 795 ac
1369 736 1615 793 redactos
1652 738 1709 792 in
1749 748 1985 814 potesta·

264 853 405 911 tem,
451 838 756 918 supplicio,
803 836 952 915 quod
995 836 1102 893 illis
1147 857 1287 915 saepe
1329 838 1571 893 minatus
1614 837 1757 893 inter
1795 838 1983 913 jocum

235 939 464 1010 fuerat,
489 938 743 996 afficeret.
767 941 1034 996 Vastante
1061 938 1310 1015 regiones
1333 938 1611 1014 proximas
1635 936 1984 1008 Mithridate,

263 1059 331 1094 ne
353 1038 597 1095 desidere
616 1039 674 1094 in
695 1038 1007 1095 discrimine
1032 1039 1309 1094 sociorum
1333 1036 1642 1108 videretur,
1668 1037 1735 1092 ab
1755 1036 1984 1110 Rhodo,

261 1158 371 1213 quo
417 1138 800 1216 pertenderat,
848 1138 1067 1195 transiit
1113 1138 1170 1193 in
1213 1138 1434 1207 Asiam;
1480 1135 1806 1213 auxiliisque
1849 1157 1984 1193 con-

262 1240 473 1308 tractiS,
504 1249 559 1294 et
584 1237 838 1316 praefecto
866 1239 1009 1316 regis
1040 1238 1325 1315 provincia
1351 1235 1604 1314 expuls0,
1638 1248 1896 1293 nutantes
1920 1257 1985 1293 ac

261 1336 454 1399 dubias
482 1339 728 1397 civitates
756 1340 983 1396 retinuit
1014 1340 1073 1395 in
1101 1337 1225 1395 fide.

335 1442 405 1495 V.
448 1439 755 1495 Tribunatu
795 1438 1067 1510 militum,
1108 1440 1204 1515 qui
1241 1439 1452 1515 primus
1490 1441 1727 1495 Romam
1764 1457 1981 1494 reverso

260 1557 358 1614 per
385 1537 643 1615 suffragia
669 1538 859 1615 populi
889 1538 1069 1593 honor
1097 1538 1321 1614 obtigit,
1349 1550 1598 1594 auctores
1628 1537 1982 1594 restituendae

259 1637 555 1695 tribunitiae
574 1638 882 1714 potestatis,
905 1637 1060 1713 cujus
1081 1639 1192 1692 vim
1215 1635 1369 1693 Sulla
1390 1637 1763 1707 deminuet-at,
1784 1638 1984 1692 enixis-

259 1738 392 1793 sime
412 1737 572 1814 juvit.
605 1741 669 1795 L.
698 1737 863 1794 etiam
887 1738 1106 1805 Cinnae,
1130 1738 1317 1793 uxoris
1345 1736 1528 1809 fratri,
1557 1748 1613 1793 et
1640 1737 1735 1814 qui
1763 1756 1889 1792 cum
1916 1757 1982 1792 eo

258 1837 405 1894 civili
450 1837 719 1896 discordia
762 1837 1038 1916 Lepidum
1084 1839 1290 1910 secuti,
1337 1849 1460 1915 post
1505 1858 1695 1894 necem
1743 1836 1982 1894 consulis

256 1937 326 1994 ad
362 1940 593 2020 Sertori,⁴
640 2003 646 2008 ,

257 2037 417 2094 tione
427 2025 612 2095 Plotia*
623 2014 701 2096 {6⁹

258 2136 486 2193 cionem.

794 1944 805 1954 ”
840 1951 1095 2017 gerant,
1135 1938 1375 1995 reditum
1411 1939 1468 1994 in
1505 1938 1784 1994 civitatem
1819 1957 1981 2015 roga-

831 2032 883 2112 t,
911 2037 1214 2117 habuitque
1242 2052 1297 2096 et
1327 2040 1443 2118 ipse
1470 2059 1637 2116 super
1666 2059 1731 2095 ea
1759 2060 1819 2095 re
1847 2058 1981 2096 con·

337 2239 434 2295 Vl.
477 2239 734 2312 Quaestor
760 2238 961 2296 Juliam
990 2240 1243 2313 amitam,
1270 2260 1609 2317 uxoremque
1637 2238 1980 2309 Corneliam,

254 2333 537 2405 defunctas
595 2335 832 2394 laudavit
885 2360 915 2395 e
966 2360 1121 2395 more
1167 2360 1270 2416 pro
1317 2341 1525 2396 rostris.
1575 2342 1645 2398 Et
1697 2342 1754 2396 in
1805 2340 1982 2396 amitae

259 2436 478 2513 quidem
507 2435 845 2510 laudatione,
873 2438 941 2496 de
969 2440 1086 2517 ejus
1115 2461 1179 2497 ac
1207 2441 1380 2518 patris
1407 2442 1491 2497 sui
1511 2452 1744 2518 utraque
1767 2441 1981 2517 origine

258 2536 335 2592 sic
363 2536 530 2593 refert
561 2558 575 2592 t
602 2539 814 2596 Amitoe
842 2560 981 2597 meoe
1007 2541 1171 2598 Julz'oe
1196 2553 1504 2599 maternum
1531 2561 1712 2619 genus
1736 2541 1808 2598 ab
1839 2542 1980 2620 regi-

260 2632 361 2690 bus
381 2647 556 2692 ortam
567 2680 586 2706 ,
602 2649 901 2716 paternum
925 2660 1048 2697 cam
1074 2641 1182 2698 dics
1207 2640 1608 2698 immortalibus
1627 2641 1977 2716 conjunctam

257 2744 354 2789 est.
388 2736 542 2792 Nam
576 2734 652 2791 ab
686 2738 850 2795 Anco
876 2741 1096 2797 Marcio
1131 2752 1266 2798 sunt
1293 2742 1509 2798 Marcii
1529 2761 1709 2819 reges,
1741 2760 1851 2820 quo
1881 2760 1979 2797 no-

258 2836 402 2889 mine
417 2834 548 2908 fuit
575 2845 753 2892 mater
778 2856 795 2892 .·
826 2857 863 2892 a
909 2841 1123 2895 Venere
1155 2840 1289 2897 Iulii
1303 2883 1322 2910 ‚
1356 2839 1514 2915 cujas
1541 2842 1724 2918 gentis
1739 2840 1979 2914 familia

256 2944 339 2993 est
369 2945 576 2991 nostra.
617 2937 729 2992 Est
760 2955 889 3013 ergo
924 2940 981 2992 in
1011 2956 1209 3013 genere
1233 2948 1300 2994 et
1326 2940 1595 2996 sanctitas
1625 2959 1813 3015 regum
1832 2982 1850 3007 ,
1882 2939 1980 3016 qui

251 3023 551 3109 plurimum
582 3037 724 3091 inter
745 3036 993 3092 homines
1009 3036 1251 3115 pollent,
1284 3048 1341 3094 et
1366 3039 1687 3095 coen’monia
1715 3038 1940 3094 deorum
1958 3080 1974 3105 ,

257 3151 488 3209 qaorum
518 3134 628 3212 ipsi
656 3139 712 3190 in
735 3146 1011 3214 potestate
1038 3148 1171 3193 sunt
1199 3157 1364 3214 reges.
1399 3139 1462 3193 In
1493 3135 1762 3194 Corneliae
1793 3149 1975 3194 autem

258 3228 439 3288 locum
478 3234 796 3311 Pompeiam
841 3234 1029 3308 duxit,
1070 3237 1143 3308 Q.
1186 3239 1430 3314 Pompeii
1468 3237 1667 3309 filiam,
1707 3239 1770 3293 L.
1815 3235 1976 3293 Sullae

1692 3356 1734 3391 1.
