2372 3918
717 328 766 372 C.
802 326 1090 373 SUETONII
1125 323 1452 371 CALIGULA.
1855 331 1941 377 163

233 456 435 514 aegrum
483 434 874 491 Germanicum
923 430 1256 509 gravissimis
1306 430 1597 486 verborum
1646 453 1709 490 ac
1757 456 1939 492 rerum

231 535 614 594 acerbitatibus
639 576 654 604 ,
699 530 852 588 nullo
897 530 1146 588 adhibito
1195 529 1397 601 mode,
1445 529 1624 587 affecit
1662 554 1675 588 :
1718 547 1942 612 propter

230 658 382 715 quae,
421 648 482 693 ut
522 639 754 693 Romam
795 630 990 703 rediit,
1031 652 1185 709 paene
1219 630 1523 709 discerptus
1560 652 1591 687 a
1629 634 1872 710 popule,
1910 656 1942 692 a

230 748 422 794 senatu
456 734 647 813 capitis
680 732 970 789 damnatus
1003 743 1100 787 est.

310 838 408 893 III.
441 838 646 893 Omnes
669 833 1002 890 Germanico
1029 832 1277 910 corporis
1301 832 1579 910 animique
1605 833 1864 905 virtuteS‚
1891 849 1944 892 et

231 949 463 1014 quantas
491 934 696 992 nemini
725 934 1012 1010 cuiquam,
1040 934 1362 1011 contigisse,
1386 934 1517 989 satis
1548 947 1761 991 constat
1788 957 1801 991 :
1836 936 1945 992 for·

231 1058 376 1094 mam
422 1048 477 1093 et
518 1034 897 1094 fortitudinem
937 1034 1244 1113 egregiam,
1291 1035 1572 1112 ingenium
1613 1036 1672 1091 in
1710 1049 1945 1114 utroque

228 1137 548 1215 eloquentiae
586 1135 958 1212 doctrinaeque
999 1154 1197 1213 genere
1233 1133 1578 1211 praecellens,
1616 1135 1944 1192 benevolen-

230 1240 361 1295 tiam
398 1236 766 1315 singularem,
796 1234 1259 1312 conciliandaeque
1298 1236 1588 1293 hominum
1629 1238 1844 1315 gratiae,
1881 1258 1945 1294 ac

230 1338 580 1419 promerendi
621 1338 822 1394 amoris
863 1338 1065 1394 mirum
1106 1349 1160 1393 et
1201 1336 1395 1394 efficax
1435 1336 1692 1393 studium.
1736 1342 1946 1395 Formae

232 1440 413 1495 minus
458 1438 794 1516 congruebat
846 1435 1121 1515 gracilitas
1166 1458 1391 1494 crurum
1415 1480 1431 1510 ,
1479 1437 1576 1494 sed
1618 1458 1678 1494 ea
1721 1458 1944 1515 quoque

231 1537 500 1617 paulatim
532 1536 773 1615 repleta,
806 1537 1022 1594 assidua
1064 1538 1192 1614 equi
1234 1538 1540 1594 vectatione
1578 1550 1703 1615 post
1740 1538 1943 1594 cibum.

230 1643 455 1695 Hostem
500 1639 748 1695 cominus
796 1658 935 1714 saepe
975 1638 1259 1715 percussit.
1308 1638 1504 1694 Oravit
1550 1658 1739 1694 causas
1781 1639 1944 1694 etiam

228 1736 610 1815 triumphalis3
642 1749 806 1813 atque
843 1738 988 1792 inter
1025 1748 1207 1794 cetera
1245 1736 1559 1792 studiorum
1592 1750 1949 1793 monumenta

228 1836 449 1913 reliquit
475 1849 529 1893 et
549 1837 837 1892 comoedias
863 1856 1083 1914 graecaS.
1102 1835 1270 1892 Domi
1290 1835 1531 1912 forisque
1552 1835 1755 1893 civilis:
1775 1835 1949 1893 libera

226 1958 291 1994 ac
324 1935 584 1994 foederata
615 1936 818 2014 oppida
850 1937 968 1992 sine
1000 1934 1288 1993 lictoribus
1316 1935 1518 1991 adibat.
1547 1937 1736 1993 Sicubi
1766 1935 1945 1994 claro-

227 2058 353 2093 rum
399 2038 646 2094 virorum
689 2035 939 2115 sepulcra
991 2047 1380 2114 cognosceret,
1424 2036 1643 2093 inferias
1693 2038 1949 2094 manibus

228 2137 408 2194 dabat.
443 2141 722 2196 Caesorum
758 2137 912 2194 clade
938 2138 1184 2196 Variana
1216 2149 1425 2194 veteres
1459 2158 1523 2195 ac
1553 2138 1823 2216 dispersas
1857 2159 1946 2195 re-

228 2236 424 2315 liquias
456 2260 568 2295 uno
600 2237 818 2295 tumulo
850 2238 1213 2310 humaturuS,
1246 2237 1504 2316 colligere
1532 2260 1631 2296 sua
1663 2260 1863 2312 manu,
1894 2251 1949 2295 et

227 2351 575 2416 comportare
595 2339 804 2417 primus
824 2358 1107 2416 aggressus
1129 2350 1228 2395 est.
1251 2339 1733 2396 Obtrectatoribus
1756 2341 1948 2410 etiam,

230 2437 633 2515 qualescunque
676 2450 730 2494 et
770 2451 1196 2515 quantacunque
1235 2438 1304 2494 de
1343 2459 1503 2495 causa
1543 2451 1736 2495 nactus
1776 2451 1950 2510 esset,

230 2537 367 2594 lenis
401 2538 538 2597 adeo
577 2551 632 2594 et
666 2538 921 2595 innoxius
943 2581 958 2610 ‚
994 2551 1056 2594 ut
1089 2539 1309 2609 Pisoni,
1351 2538 1568 2595 decreta
1601 2560 1697 2595 sua
1741 2539 1949 2595 rescin-

230 2636 411 2711 denti,
439 2637 716 2695 clientelas
746 2638 1048 2709 divexanti,
1074 2660 1187 2695 non
1217 2639 1370 2716 prius
1399 2660 1717 2696 succensere
1745 2640 1801 2695 in
1829 2640 1950 2695 ani-

232 2759 386 2795 mum
411 2738 717 2809 induxerit,
742 2759 908 2815 quam
936 2739 1206 2796 veneficiis
1231 2760 1452 2817 quoque
1485 2751 1538 2796 et
1564 2739 1948 2797 dex'totionibus

231 2839 546 2917 impugnari
591 2858 648 2894 se
693 2839 1049 2916 comperisset
1086 2860 1099 2894 ε
1138 2859 1202 2895 ac
1246 2859 1317 2895 ne
1356 2851 1491 2895 tunc
1541 2840 1762 2917 quidem
1806 2837 1950 2895 ultra

232 2959 582 3016 progressuS,
626 2958 794 3015 quam
843 2950 906 2994 ut
944 2950 1001 2995 et
1039 2939 1336 2995 amicitiam
1371 2939 1420 2995 ei
1472 2960 1626 2995 more
1679 2939 1950 3014 majorum

232 3040 579 3095 renunciaret
597 3081 613 3111 ,
642 3038 1036 3116 mandaretque
1064 3038 1374 3095 domesticis
1402 3037 1670 3094 ultionem
1688 3081 1704 3111 ,
1740 3036 1950 3114 siquod

232 3138 334 3194 sibi
370 3138 655 3195 accideret.

311 3241 411 3295 IV.
462 3241 719 3313 Quarum
749 3241 1017 3297 virtutum
1051 3240 1290 3297 fructum
1323 3241 1665 3296 uberrimum
1696 3236 1848 3308 tulit,
1879 3237 1955 3293 sic

235 3338 501 3415 probatus
532 3351 587 3396 et
618 3338 852 3398 dilectus
886 3363 916 3398 a
948 3343 1092 3415 suiS,
1129 3354 1191 3400 ut
1225 3345 1509 3417 Augustus
1544 3341 1774 3416 (omitto
1808 3339 1954 3394 enim

1633 3460 1712 3497 11.
