2372 3918
793 251 1102 320 ocnvms
1126 272 1461 320 mous‘rus.
1922 291 1948 334 7
1961 288 1978 321 ι

274 373 544 433 bellorum
590 374 831 433 civilium
877 375 1234 448 duraverant,
1286 387 1383 432 aut
1441 395 1538 453 per
1586 396 1774 453 pacem
1819 379 1986 437 etiam

275 477 610 535 exstiterant.
637 478 782 536 Nam
804 488 859 532 et
886 487 1255 554 grassatorum
1285 475 1511 554 plurimi
1544 475 1725 554 palam
1764 499 1820 535 se
1854 479 1988 537 sere-

277 578 409 635 bant
439 577 699 635 succincti
744 575 923 650 ferro,
968 577 1122 654 quasi
1157 576 1345 633 tuendi
1387 577 1471 633 sui
1509 595 1672 633 causa
1705 590 1801 634 :et
1840 581 1984 658 rapti

275 698 374 755 per
406 697 564 756 agros
604 676 842 733 viatores
874 677 990 734 sine
1017 675 1354 750 discrimine,
1392 675 1550 735 liberi
1591 678 1867 756 servique,
1904 700 1988 735 er-

276 774 500 854 gastulis
531 796 900 855 possessorum
934 776 1418 854 supprimebantur
1451 797 1464 833 :
1502 788 1558 835 et
1588 775 1841 855 plurimae
1873 777 1985 836 fac-

278 863 483 948 tioneS,
516 874 678 933 titulo
708 875 923 956 collegii
954 877 1107 949 novi,
1144 876 1212 933 ad
1242 876 1445 935 nullius
1474 899 1585 934 non
1614 877 1871 935 facinoris
1901 900 1989 937 so-

276 978 522 1034 cietatem
553 978 789 1035 coibant.
830 980 1006 1057 Igitur
1045 989 1403 1056 grassatoreS,
1443 978 1717 1056 dispositis
1749 999 1850 1057 per
1889 1000 1989 1057 op-

279 1088 516 1153 portuna
544 1076 662 1135 loca
693 1078 1017 1136 stationibus
1045 1078 1288 1135 inhibuit
1314 1100 1327 1135 :
1351 1077 1626 1156 ergastula
1646 1081 1989 1158 recognovit:

277 1176 529 1255 collegia,
561 1191 757 1256 praeter
784 1180 1012 1256 antiqua
1043 1191 1098 1236 et
1135 1178 1404 1257 legitima,
1454 1178 1716 1236 dissolvit.
1758 1178 1992 1237 Tabulas

275 1290 519 1335 veterum
551 1280 726 1336 aerarii
758 1279 1093 1354 debitorum,
1123 1278 1209 1337 vel
1249 1281 1582 1362 praecipuam
1618 1278 1992 1336 calumniandi

276 1380 587 1453 materiam,
618 1380 838 1436 exussit.
871 1383 1019 1437 Loca
1049 1380 1106 1435 in
1137 1380 1296 1437 Urbe
1329 1379 1547 1458 publica
1571 1381 1710 1457 juris
1747 1380 1992 1458 ambigui

280 1480 680 1554 possessoribus
716 1478 1066 1556 adjudicavit.
1112 1480 1523 1537 Diuturnorum
1558 1500 1805 1552 reorum,
1835 1491 1889 1535 et
1925 1500 1991 1535 ex

278 1598 513 1654 quorum
555 1578 806 1636 sordibus
849 1578 985 1634 nihil
1035 1578 1184 1635 aliud
1231 1600 1394 1655 quam
1448 1578 1703 1657 voluptas
1759 1579 1994 1635 inimicis

277 1686 635 1754 quaereretur,
666 1678 890 1735 nomina
916 1676 1182 1751 abolevit,
1213 1679 1528 1735 conditione
1559 1680 1869 1756 proposita,
1900 1690 1994 1751 ut,

279 1779 323 1834 si
357 1799 519 1855 quem
555 1780 678 1855 quis
698 1789 955 1856 repetere
995 1776 1190 1849 vellet,
1222 1799 1321 1856 par
1349 1777 1655 1856 periculum
1687 1799 1860 1855 poenae
1899 1799 1992 1835 su-

277 1878 433 1934 biret.
452 1879 537 1936 Ne
563 1878 711 1956 quod
729 1891 913 1935 autem
939 1877 1268 1936 maleficium
1292 1879 1642 1956 negotiumve
1668 1878 1996 1956 impunitate

277 1977 364 2035 vel
398 2000 553 2035 mora
594 1978 926 2052 elaberetur,
965 1979 1190 2058 triginta
1227 1977 1464 2057 amplius
1505 1978 1640 2053 dies,
1684 1980 1780 2056 qui
1824 1978 2001 2035 hono-

279 2079 434 2135 rariis
456 2078 598 2136 ludis
613 2081 1045 2158 occupabantur.
1066 2081 1214 2137 actui
1235 2100 1423 2136 rerum
1438 2078 1890 2136 accommodavit.
1907 2079 1995 2136 Ad

280 2190 389 2235 tres
412 2178 661 2255 judicum
686 2179 932 2237 decurias
951 2193 1203 2258 quartam
1224 2179 1434 2237 addidit
1450 2200 1515 2236 ex
1530 2178 1788 2236 inferiore
1808 2198 1998 2252 censu,

280 2300 401 2355 quae
442 2279 863 2337 ducenariorum
896 2284 1212 2353 vocaretur3
1250 2281 1633 2359 judicaretque
1675 2279 1743 2336 de
1788 2278 2001 2336 leviori·

279 2379 382 2436 bus
411 2380 654 2437 summis.
684 2381 901 2437 Juzlices
932 2402 964 2437 a
995 2382 1274 2438 tricesimo
1307 2382 1478 2437 aetatis
1507 2401 1655 2437 anno
1693 2379 1904 2459 allegit,
1942 2379 2000 2435 id

280 2492 384 2551 est,
413 2481 793 2559 quinquennio
826 2481 1097 2537 maturius
1125 2502 1291 2558 quam
1319 2480 1582 2537 solebant.
1615 2483 1696 2538 Ac
1724 2479 2000 2558 plerisque

277 2580 559 2657 judicandi
606 2601 806 2639 munus
841 2580 1303 2654 detrectantibus,
1336 2580 1427 2637 vix
1461 2580 1748 2653 concessit,
1783 2592 1848 2636 ut
1881 2582 1992 2637 sin-

283 2678 422 2757 gulis
454 2679 688 2737 decuriis
713 2700 813 2759 per
838 2662 986 2738 vices
1015 2702 1199 2738 annua
1223 2681 1438 2738 vacatio
1453 2692 1618 2755 esset,
1649 2693 1705 2738 et
1734 2693 1798 2737 ut
1828 2679 2001 2738 solitoe

283 2780 371 2857 agi
402 2780 688 2836 novembri
716 2800 781 2835 ac
813 2779 1087 2836 decembri
1118 2802 1301 2838 mense
1329 2802 1416 2839 res
1449 2782 1853 2839 omitterentur.

362 2860 625 2936 XXXIIi.
654 2882 778 2958 Ipse
802 2879 892 2956 jus
913 2879 1050 2936 dixit
1069 2879 1308 2954 assidue,
1335 2893 1389 2938 et
1412 2882 1470 2940 in
1499 2894 1716 2940 noctem
1748 2902 2004 2939 nonnun-

283 3000 486 3058 quam;
519 2980 563 3038 si
602 2999 797 3059 parum
829 3000 1059 3057 corpore
1101 2978 1334 3052 valeret,
1363 2979 1555 3039 lectica
1597 3000 1699 3061 pro
1736 2981 1999 3040 tribunali

285 3079 574 3150 collocata,
620 3078 706 3135 vel
737 3081 899 3137 etiam
940 3078 1088 3136 domi
1119 3080 1341 3157 cubans.
1378 3081 1533 3136 Dixit
1555 3094 1739 3138 autem
1766 3082 1856 3159 jus
1887 3102 1999 3139 non

286 3180 565 3259 diligentia
585 3179 750 3236 modo
775 3202 1008 3256 summa,
1038 3180 1131 3238 sed
1158 3193 1212 3239 et
1239 3169 1464 3238 lenitate
1487 3201 1500 3237 ε
1532 3181 1799 3258 siquidem
1828 3183 2000 3238 mani·

295 3281 414 3346 festi
447 3279 725 3358 parricidii
773 3301 955 3355 reum,
997 3303 1064 3340 ne
1110 3280 1266 3339 culeo
1316 3283 1651 3355 insueretur,
1693 3281 1846 3359 quod
1890 3302 2000 3339 non
