2372 3918
835 223 885 270 C.
918 224 1126 270 IULIUS
1152 225 1376 270 CAESAR.
1902 222 1961 278 43

261 326 545 405 dispersim
574 339 733 385 antea
763 326 973 399 habita,
1006 339 1059 382 et
1089 347 1209 403 quae
1241 346 1381 402 saepe
1420 325 1533 380 bini
1567 327 1773 382 ternive
1803 347 1962 404 cepe-

260 440 417 499 rant,
443 428 497 484 in
532 448 702 484 unum
738 447 926 483 omnes
966 425 1355 483 contuleruut:
1397 446 1465 482 ne
1510 424 1715 503 populo
1740 425 1962 502 quidem

253 528 368 604 jam
392 527 642 606 praesenti
672 538 816 584 statu
847 526 994 601 laeto,
1029 525 1122 583 sed
1151 525 1290 583 clam
1319 525 1607 606 palamque
1630 524 1964 583 detrectante

259 628 713 701 dominationem,
768 641 931 706 atque
973 642 1266 686 assertores
1316 628 1610 707 flagitante.
1657 628 1964 704 Peregrinis

259 729 315 785 in
346 741 593 785 senatum
622 727 852 802 allectis,
875 727 1089 787 libellus
1114 730 1429 807 propositus
1446 740 1527 785 est
1548 749 1562 784 ε
1583 730 1834 784 «Bonum
1863 726 1966 782 fac-

258 842 377 885 tum
406 849 419 885 :
453 849 522 885 ne
552 830 674 906 quis
719 831 955 888 senatori
999 851 1144 888 novo
1181 832 1390 888 curiam
1438 841 1742 885 monstrare
1780 824 1965 883 velit.»

257 932 326 985 Et
355 927 450 986 illa
475 928 642 1008 vulgo
673 931 1010 987 canebantur
1036 952 1049 986 ε

386 1102 547 1147 Gallos
573 1101 722 1148 Caesar
745 1103 795 1148 in
823 1103 1106 1165 triumphum
1135 1103 1283 1160 ducit,
1307 1103 1432 1149 idem
1458 1102 1507 1148 in
1535 1101 1725 1148 curiam.

386 1179 510 1224 Galli
535 1179 696 1226 bracas
723 1181 1058 1242 deposuerunt,
1083 1182 1228 1227 latum
1253 1182 1435 1228 clavum
1462 1187 1768 1240 sumpserunt.

258 1337 331 1408 Q.
364 1336 608 1392 Maximo
633 1335 893 1408 suffect0,
926 1338 1297 1414 trimestrique
1329 1334 1553 1393 consule
1582 1336 1860 1391 theatrum
1883 1333 1965 1388 in-

258 1448 539 1507 troeunte,
559 1457 730 1513 quum
759 1435 921 1492 lictor
944 1436 1302 1493 animadverti
1333 1457 1399 1492 ex
1427 1457 1580 1492 more
1608 1434 1965 1513 jussisset‚ab

259 1539 527 1594 universis
570 1536 971 1595 conclamatum
1017 1551 1121 1611 est,
1174 1559 1284 1594 non
1331 1559 1445 1596 esse
1494 1536 1773 1595 consulem
1821 1556 1961 1593 eum.

258 1643 388 1696 Post
419 1651 657 1695 remotos
690 1640 978 1696 Caesetium
1010 1651 1065 1696 et
1105 1638 1406 1696 Marullum
1447 1639 1723 1710 tribuum,
1754 1648 1962 1714 reperta

257 1753 387 1797 sunt
417 1740 679 1818 proximis
708 1740 941 1797 comitiis
973 1738 1257 1818 complura
1281 1740 1566 1817 suffragia,
1599 1736 1845 1795 consules
1876 1757 1967 1792 eos

257 1839 670 1897 declarantium.
703 1841 1083 1920 Subscripsere
1103 1841 1325 1918 quidam
1339 1843 1403 1897 L.
1423 1841 1580 1897 Bruti
1605 1850 1828 1896 statuae‘:
1852 1838 1969 1894 Uti-

255 1962 383 1998 nam
405 1942 632 1999 viveres.
665 1945 806 1999 Item
838 1942 1008 2020 ipsius
1040 1942 1268 2001 Caesaris
1299 1953 1526 1999 statuae:

384 2105 573 2161 Brutus,
602 2104 711 2165 quia
738 2118 870 2164 reges
897 2102 1054 2162 ejecit,
1081 2104 1246 2148 consul
1271 2102 1448 2164 primus
1475 2102 1618 2148 factus
1649 2109 1744 2146 est:

387 2181 499 2239 Hic,
526 2181 634 2242 quia
662 2182 873 2227 consules
904 2181 1057 2241 ejecit,
1078 2196 1164 2227 rex
1193 2189 1432 2247 postremo
1460 2179 1603 2226 factus
1628 2188 1710 2225 est.

256 2327 648 2414 Conspiratum
680 2348 762 2392 est
791 2337 848 2391 in
869 2356 993 2392 eum
1024 2356 1057 2392 a
1086 2336 1364 2413 sexaginta
1390 2333 1650 2412 ampliuS,
1669 2337 1731 2391 C.
1761 2334 1966 2403 Cassi0‚

256 2439 555 2514 Marcoque
589 2448 644 2492 et
674 2439 744 2494 D.
796 2438 967 2491 Bruto
1001 2436 1340 2513 principibus
1379 2434 1813 2512 conspirationis.
1854 2432 1969 2504 Qui

215 2595 218 2598 ,
259 2538 500 2614 primum
529 2537 795 2609 cunctati,
820 2548 1078 2592 utrumne
1106 2534 1262 2592 illum
1286 2536 1342 2591 in
1367 2555 1587 2612 camp0‚
1621 2554 1719 2611 per
1752 2533 1973 2607 comitia

259 2637 434 2692 tribus
472 2636 542 2692 ad
578 2636 838 2714 suffragia
869 2649 1153 2694 vocantem
1174 2680 1188 2709 ,
1225 2637 1472 2715 partibus
1505 2634 1692 2691 divisis
1742 2654 1772 2689 e
1804 2644 1971 2710 ponte

262 2735 588 2814 dejicerent,
620 2748 784 2812 atque
801 2749 1087 2813 exceptum
1104 2735 1468 2807 trucidarent;
1501 2756 1571 2790 an
1600 2736 1656 2790 in
1681 2737 1845 2791 Sacra
1866 2734 1971 2802 via,

262 2836 346 2893 vel
378 2838 434 2892 in
465 2835 619 2893 aditu
651 2836 850 2892 theatri
883 2834 1230 2892 adorirentur
1256 2857 1269 2892 :
1305 2848 1594 2913 postquam
1628 2846 1844 2890 senatus
1871 2832 1970 2887 idi-

262 2938 364 2993 bus
395 2937 604 2992 martiis
638 2937 694 2992 in
723 2936 969 3014 Pompeii
1013 2936 1220 2991 curiam
1256 2933 1464 2991 edictus
1499 2946 1607 3007 est,
1647 2932 1801 2989 facile
1840 2945 1972 2988 tem-

265 3058 369 3114 pus
405 3050 459 3093 et
491 3036 671 3093 locum
701 3035 1076 3114 praetulerunt.

344 3140 599 3194 LXXXI.
632 3136 737 3193 Sed
770 3138 969 3195 Caesari
996 3137 1182 3194 futura
1214 3136 1383 3194 caedes
1411 3135 1752 3192 evidentibus
1785 3132 1972 3211 prodi-

271 3238 368 3315 giis
394 3237 712 3294 denuntiata
743 3250 838 3294 est.
860 3240 1067 3294 Paucos
1085 3251 1210 3294 ante
1233 3259 1467 3308 menseS‚
1499 3257 1667 3312 quum
1691 3236 1747 3290 in
1762 3234 1972 3291 colonia
