2372 3918
398 274 458 319 50
1082 279 1133 323 C.
1171 280 1466 325 SUETONII

484 381 607 434 XX.
644 371 865 435 Statura
896 381 999 437 fuit
1024 382 1293 458 quadrata
1314 428 1328 453 ,
1353 385 1654 460 compactis
1678 383 1958 462 firmisque
1981 408 2125 451 mem

400 479 549 550 bris,
584 479 738 537 vultu
787 480 955 538 veluti
988 485 1231 541 nitentis.
1263 488 1350 542 De
1388 505 1500 562 quo
1537 484 1764 560 quidam
1804 486 2141 543 urbanorum
2178 481 2188 486 ²

400 600 513 635 non
562 580 794 638 infacete
827 603 838 637 :
874 582 1146 659 siquidem
1190 587 1433 661 petenti,
1486 610 1511 637 «
1540 598 1598 641 ut
1647 598 1703 641 et
1741 587 1796 642 in
1844 608 1901 643 se
1933 586 2168 665 aliquid'

399 679 608 738 diceret
634 703 647 738 ε
681 706 842 736 »—-«
861 684 1087 757 Dicam,
1109 709 1136 738 >³
1167 686 1379 762 inquito,
1406 710 1434 739 «
1457 707 1628 763 quum
1664 699 1914 743 ventrem
1945 709 2143 764 exone-

398 802 520 839 rare
556 782 796 839 desieris,
823 807 850 836 ›>
883 783 1215 841 Valetudine
1245 789 1616 864 prosperrima
1647 809 1777 844 usus
1808 800 1917 860 est,
1953 811 2144 867 quam-

399 884 478 938 vis
512 882 581 939 ad
613 883 875 940 tuendam
909 905 1029 941 eam
1069 885 1206 942 nihil
1246 886 1483 964 amplius
1514 909 1681 965 quam
1720 888 1904 947 fauces
1937 903 2141 947 cetera·

396 1003 503 1060 que
550 984 798 1041 membra
846 986 1063 1042 sibimet
1099 985 1170 1042 ad
1208 1008 1503 1045 numerum
1540 990 1595 1044 in
1640 990 2010 1067 sphaeristerio
2050 992 2143 1049 de-

394 1084 655 1158 fricaret,
707 1072 1059 1163 inediamque
1114 1089 1280 1144 unius
1332 1088 1439 1144 diei
1490 1110 1588 1166 per
1634 1089 1881 1169 singulos
1924 1114 2140 1150 menses

393 1185 787 1262 interponeret.
992 1261 997 1264 ,

475 1290 629 1342 XXI.
670 1287 942 1344 Ordinem
979 1290 1102 1345 vitae
1134 1290 1246 1346 fere
1291 1290 1440 1347 hunc
1472 1292 1669 1347 tenuit.
1716 1294 1780 1347 In
1821 1294 2138 1372 principatu

396 1388 668 1443 maturius
694 1409 929 1465 semper,
960 1409 1024 1445 ac
1054 1389 1123 1445 de
1158 1404 1320 1446 nocte
1351 1390 1649 1468 evigilabat
1683 1413 1696 1447 :
1727 1392 1855 1449 dein
1890 1394 2140 1470 perlectis

395 1486 676 1564 epistolis,
699 1488 1137 1568 vofficiorumque
1168 1492 1420 1547 omnium
1452 1491 1766 1564 breviariis,
1806 1495 2011 1550 amicos
2048 1496 2142 1550 ad-

392 1589 681 1658 mittebat;
727 1610 790 1645 ac
826 1589 956 1645 dum
1007 1587 1405 1660 salutabatur,
1432 1605 1486 1648 et
1522 1591 1795 1657 calciabat
1831 1595 1949 1671 ipse
1992 1616 2138 1667 sese,

389 1701 443 1743 et
470 1691 763 1746 amiciebat
794 1712 806 1746 z
845 1704 1081 1768 postque
1109 1691 1326 1761 decisa,
1366 1714 1715 1770 quaecunque
1757 1694 2138 1764 obvenissent,

391 1794 651 1870 negotia,
686 1794 979 1870 gestationi
1014 1805 1065 1849 et
1114 1793 1245 1849 inde
1287 1795 1462 1870 quieti
1506 1795 1772 1866 vacabat,
1828 1797 2135 1854 accubante

387 1891 571 1969 aliqua
623 1892 999 1971 pallacarum‚
1043 1913 1181 1971 quas
1226 1895 1281 1950 in
1332 1893 1517 1965 locum
1570 1895 1847 1952 defunctae
1895 1898 2135 1955 Caenidis

387 1992 654 2071 plurimas
687 1995 1049 2052 constituerat
1073 2018 1084 2051 :
1116 2018 1147 2052 a
1177 2009 1390 2052 secreto
1416 1997 1474 2052 in
1503 1995 1784 2053 balineum
1810 1997 2136 2055 triclinium-

386 2116 495 2172 que
517 2083 818 2152 transibat.
862 2099 980 2155 Nec
1018 2097 1130 2154 ullo
1173 2112 1422 2176 tempore
1454 2096 1685 2170 facilior,
1718 2111 1815 2154 aut
1848 2098 2137 2178 indulgen-

387 2198 495 2252 tior
529 2198 802 2270 traditur3
839 2219 1011 2276 eaque
1055 2211 1334 2255 momenta
1370 2198 1661 2256 domestici
1693 2198 1764 2256 ad
1797 2199 2013 2277 aliquid
2048 2221 2138 2279 pe-

387 2298 617 2354 tendum
642 2321 844 2377 magno
879 2321 1047 2377 opere
1086 2301 1399 2378 captabant.
1596 2378 1598 2381 v
1816 2369 1819 2371 ι

467 2402 648 2455 XXII.
683 2400 756 2456 Et
790 2395 956 2479 super
980 2422 1191 2458 coenam
1221 2413 1407 2458 autem
1429 2445 1444 2474 ‚
1480 2414 1532 2457 et
1565 2422 1785 2479 semper
1818 2401 1956 2459 alias
1988 2424 2135 2459 com-

386 2501 775 2574 munissimuS,
805 2501 980 2559 multa
1014 2503 1142 2580 joco
1187 2502 1529 2580 transigebat
1562 2523 1574 2557 ε
1603 2515 1722 2558 erat
1752 2492 2134 2560 enim‘dicaci·

385 2603 510 2657 tatis
556 2600 844 2679 plurimae,
898 2615 954 2658 et
994 2605 1073 2659 sic
1108 2601 1355 2659 scurrilis
1390 2624 1454 2659 ac
1485 2603 1757 2675 sordidae,
1789 2617 1865 2660 ut·
1896 2625 1964 2660 ne
1997 2622 2140 2682 prae-·

382 2704 601 2758 textatis
635 2703 858 2780 quidem
905 2704 1086 2760 verbis
1132 2705 1448 2770 abstineret.
1501 2707 1574 2761 Et
1629 2717 1814 2761 tamen
1866 2705 2132 2776 nonnulla

382 2804 499 2880 ejus
550 2803 878 2861 facetissima
925 2817 1143 2862 exstant
1175 2828 1187 2862 z
1223 2806 1514 2882 inquibus
1546 2818 1616 2875 et⁴
1652 2806 1783 2862 haec.
1840 2807 2129 2862 Mestrium

381 2905 603 2960 Florum
632 2903 1011 2975 consularem,
1042 2906 1360 2962 admonitus
1391 2906 1460 2962 ab
1490 2927 1587 2978 e0,
1615 2906 1879 2987 plaustra
1904 2907 2091 2984 potius
2115 2950 2128 2974 ,

380 3026 548 3082 quam
569 3006 793 3085 plostra
840 3005 1097 3077 dicenda,
1134 3019 1358 3083 postero
1392 3006 1479 3062 die
1520 3007 1799 3064 Flamum
1845 2994 2124 3063 salut-avit.

380 3108 743 3183 Expugnatus
774 3118 961 3163 autem
994 3128 1026 3163 a
1066 3107 1338 3183 quadam,
1373 3109 1529 3185 quasi
1567 3129 1757 3164 amore
1793 3109 1877 3164 sui
1922 3107 2130 3183 deperi-

381 3218 481 3274 ret,
505 3228 674 3282 quum
703 3208 984 3286 perductae
1004 3230 1104 3286 pro
1123 3210 1424 3265 concubitu
1447 3210 1695 3265 sestertia
1722 3208 2126 3284 quadringenta

380 3308 669 3382 donasset3
699 3310 1029 3366 admonente
1052 3310 1463 3386 dispensatore,
1487 3308 1951 3387 quemadmodum
1986 3330 2130 3363 sum-
