<?xml version="1.0" encoding="UTF-8"?>
<!DOCTYPE html PUBLIC "-//W3C//DTD XHTML 1.0 Transitional//EN"
    "http://www.w3.org/TR/xhtml1/DTD/xhtml1-transitional.dtd">
<html xmlns="http://www.w3.org/1999/xhtml" xml:lang="en" lang="en">
 <head>
  <title>
</title>
<meta http-equiv="Content-Type" content="text/html;charset=utf-8" />
  <meta name='ocr-system' content='tesseract 3.04.00' />
  <meta name='ocr-capabilities' content='ocr_page ocr_carea ocr_par ocr_line ocrx_word'/>
</head>
<body>
  <div class='ocr_page' id='page_1' title='image "./operasuet00suetuoft_0328.png"; bbox 0 0 2372 3918; ppageno 0'>
   <div class='ocr_carea' id='block_1_1' title="bbox 364 208 1431 258">
    <p class='ocr_par' dir='ltr' id='par_1_1' title="bbox 364 208 1431 258">
     <span class='ocr_line' id='line_1_1' title="bbox 364 208 1431 258; baseline -0.002 -2"><span class='ocrx_word' id='word_1_1' title='bbox 364 228 389 256; x_wconf 85' lang='lat'>2</span> <span class='ocrx_word' id='word_1_2' title='bbox 398 228 423 256; x_wconf 80' lang='lat'>2</span> <span class='ocrx_word' id='word_1_3' title='bbox 1035 210 1087 258; x_wconf 89' lang='lat' dir='ltr'><strong>C.</strong></span> <span class='ocrx_word' id='word_1_4' title='bbox 1127 208 1431 256; x_wconf 83' lang='lat' dir='ltr'><strong>SUETONH</strong></span> 
     </span>
    </p>
   </div>
   <div class='ocr_carea' id='block_1_2' title="bbox 359 313 2108 3317">
    <p class='ocr_par' dir='ltr' id='par_1_2' title="bbox 359 313 2108 1505">
     <span class='ocr_line' id='line_1_2' title="bbox 364 313 2100 395; baseline 0.001 -23"><span class='ocrx_word' id='word_1_5' title='bbox 364 328 481 390; x_wconf 84' lang='lat' dir='ltr'><strong>est3</strong></span> <span class='ocrx_word' id='word_1_6' title='bbox 516 337 723 394; x_wconf 89' lang='lat' dir='ltr'><strong>quum,</strong></span> <span class='ocrx_word' id='word_1_7' title='bbox 762 337 857 395; x_wconf 89' lang='lat' dir='ltr'><strong>spe</strong></span> <span class='ocrx_word' id='word_1_8' title='bbox 891 313 1151 393; x_wconf 86' lang='lat' dir='ltr'>colloquii</span> <span class='ocrx_word' id='word_1_9' title='bbox 1192 314 1370 387; x_wconf 88' lang='lat' dir='ltr'><strong>facta,</strong></span> <span class='ocrx_word' id='word_1_10' title='bbox 1418 315 1576 391; x_wconf 92' lang='lat' dir='ltr'>quasi</span> <span class='ocrx_word' id='word_1_11' title='bbox 1618 314 1688 371; x_wconf 92' lang='lat' dir='ltr'><strong>ad</strong></span> <span class='ocrx_word' id='word_1_12' title='bbox 1727 314 2100 374; x_wconf 90' lang='lat' dir='ltr'><strong>conditionem</strong></span> 
     </span>
     <span class='ocr_line' id='line_1_3' title="bbox 365 415 2102 496; baseline 0.001 -23"><span class='ocrx_word' id='word_1_13' title='bbox 365 418 517 496; x_wconf 86' lang='lat' dir='ltr'>pacis</span> <span class='ocrx_word' id='word_1_14' title='bbox 541 415 809 475; x_wconf 79' lang='lat' dir='ltr'><strong>militibus</strong></span> <span class='ocrx_word' id='word_1_15' title='bbox 833 416 1045 474; x_wconf 86' lang='lat' dir='ltr'><strong>eductis</strong></span> <span class='ocrx_word' id='word_1_16' title='bbox 1060 459 1076 491; x_wconf 87' lang='lat'><strong>,</strong></span> <span class='ocrx_word' id='word_1_17' title='bbox 1101 436 1170 473; x_wconf 85' lang='lat' dir='ltr'><strong>ex</strong></span> <span class='ocrx_word' id='word_1_18' title='bbox 1196 416 1496 494; x_wconf 89' lang='lat' dir='ltr'><strong>improviso</strong></span> <span class='ocrx_word' id='word_1_19' title='bbox 1515 459 1530 489; x_wconf 91' lang='lat'>,</span> <span class='ocrx_word' id='word_1_20' title='bbox 1557 427 1723 494; x_wconf 89' lang='lat' dir='ltr'><strong>atque</strong></span> <span class='ocrx_word' id='word_1_21' title='bbox 1748 417 1806 473; x_wconf 90' lang='lat' dir='ltr'><strong>in</strong></span> <span class='ocrx_word' id='word_1_22' title='bbox 1830 417 1949 495; x_wconf 91' lang='lat' dir='ltr'><strong>ipsa</strong></span> <span class='ocrx_word' id='word_1_23' title='bbox 1971 438 2102 475; x_wconf 80' lang='lat' dir='ltr'><strong>con-</strong></span> 
     </span>
     <span class='ocr_line' id='line_1_4' title="bbox 367 517 2102 593; baseline 0 -18"><span class='ocrx_word' id='word_1_24' title='bbox 367 517 726 593; x_wconf 86' lang='lat' dir='ltr'><strong>salutatione,</strong></span> <span class='ocrx_word' id='word_1_25' title='bbox 772 517 1150 575; x_wconf 90' lang='lat' dir='ltr'><strong>dimicandum</strong></span> <span class='ocrx_word' id='word_1_26' title='bbox 1192 517 1397 574; x_wconf 89' lang='lat' dir='ltr'><strong>fuisset.</strong></span> <span class='ocrx_word' id='word_1_27' title='bbox 1445 520 1529 575; x_wconf 88' lang='lat' dir='ltr'><strong>Ac</strong></span> <span class='ocrx_word' id='word_1_28' title='bbox 1582 518 1769 575; x_wconf 90' lang='lat' dir='ltr'><strong>statim</strong></span> <span class='ocrx_word' id='word_1_29' title='bbox 1825 518 2102 575; x_wconf 84' lang='lat' dir='ltr'><strong>moriendi</strong></span> 
     </span>
     <span class='ocr_line' id='line_1_5' title="bbox 364 616 2103 700; baseline 0.001 -26"><span class='ocrx_word' id='word_1_30' title='bbox 364 619 635 698; x_wconf 89' lang='lat' dir='ltr'><strong>impetum</strong></span> <span class='ocrx_word' id='word_1_31' title='bbox 666 620 812 698; x_wconf 91' lang='lat' dir='ltr'><strong>cepit</strong></span> <span class='ocrx_word' id='word_1_32' title='bbox 837 641 851 676; x_wconf 76' lang='grc' dir='ltr'><strong><em>ε</em></strong></span> <span class='ocrx_word' id='word_1_33' title='bbox 878 630 941 675; x_wconf 92' lang='lat' dir='ltr'><strong>ut</strong></span> <span class='ocrx_word' id='word_1_34' title='bbox 967 616 1156 691; x_wconf 86' lang='lat' dir='ltr'><strong>multi,</strong></span> <span class='ocrx_word' id='word_1_35' title='bbox 1189 634 1291 675; x_wconf 90' lang='lat' dir='ltr'><strong>nec</strong></span> <span class='ocrx_word' id='word_1_36' title='bbox 1325 617 1556 700; x_wconf 71' lang='lat' dir='ltr'><strong>frustra,</strong></span> <span class='ocrx_word' id='word_1_37' title='bbox 1582 618 1902 697; x_wconf 82' lang='lat' dir='ltr'><strong>opinantur,</strong></span> <span class='ocrx_word' id='word_1_38' title='bbox 1928 620 2103 697; x_wconf 88' lang='lat' dir='ltr'><strong>magis</strong></span> 
     </span>
     <span class='ocr_line' id='line_1_6' title="bbox 359 717 2104 799; baseline -0.001 -22"><span class='ocrx_word' id='word_1_39' title='bbox 359 719 607 799; x_wconf 87' lang='lat' dir='ltr'><strong>pudore,</strong></span> <span class='ocrx_word' id='word_1_40' title='bbox 639 740 710 777; x_wconf 92' lang='lat' dir='ltr'><strong>ne</strong></span> <span class='ocrx_word' id='word_1_41' title='bbox 738 731 895 777; x_wconf 88' lang='lat' dir='ltr'><strong>tanto</strong></span> <span class='ocrx_word' id='word_1_42' title='bbox 923 738 1115 775; x_wconf 90' lang='lat' dir='ltr'><strong>rerum</strong></span> <span class='ocrx_word' id='word_1_43' title='bbox 1144 718 1550 796; x_wconf 88' lang='lat' dir='ltr'><strong>hominumque</strong></span> <span class='ocrx_word' id='word_1_44' title='bbox 1576 717 1828 797; x_wconf 85' lang='lat' dir='ltr'><strong>periculo</strong></span> <span class='ocrx_word' id='word_1_45' title='bbox 1854 718 2104 776; x_wconf 90' lang='lat' dir='ltr'><strong>domina-</strong></span> 
     </span>
     <span class='ocr_line' id='line_1_7' title="bbox 360 819 2104 898; baseline -0.001 -20"><span class='ocrx_word' id='word_1_46' title='bbox 360 822 570 879; x_wconf 82' lang='lat' dir='ltr'><strong>tionem</strong></span> <span class='ocrx_word' id='word_1_47' title='bbox 622 820 727 877; x_wconf 93' lang='lat' dir='ltr'><strong>sibi</strong></span> <span class='ocrx_word' id='word_1_48' title='bbox 772 840 1013 878; x_wconf 79' lang='lat' dir='ltr'><strong>asserere</strong></span> <span class='ocrx_word' id='word_1_49' title='bbox 1051 830 1459 898; x_wconf 86' lang='lat' dir='ltr'><strong>perseveraret,</strong></span> <span class='ocrx_word' id='word_1_50' title='bbox 1503 839 1671 897; x_wconf 91' lang='lat' dir='ltr'><strong>quam</strong></span> <span class='ocrx_word' id='word_1_51' title='bbox 1718 819 2104 897; x_wconf 84' lang='lat' dir='ltr'><strong>desperatione</strong></span> 
     </span>
     <span class='ocr_line' id='line_1_8' title="bbox 366 919 2102 999; baseline 0.001 -23"><span class='ocrx_word' id='word_1_52' title='bbox 366 919 515 994; x_wconf 84' lang='lat' dir='ltr'><strong>ulla,</strong></span> <span class='ocrx_word' id='word_1_53' title='bbox 546 934 644 979; x_wconf 90' lang='lat' dir='ltr'><strong>aut</strong></span> <span class='ocrx_word' id='word_1_54' title='bbox 678 920 991 978; x_wconf 88' lang='lat' dir='ltr'><strong>diffidentia</strong></span> <span class='ocrx_word' id='word_1_55' title='bbox 1020 921 1308 999; x_wconf 91' lang='lat' dir='ltr'><strong>copiarum</strong></span> <span class='ocrx_word' id='word_1_56' title='bbox 1350 942 1363 977; x_wconf 90' lang='lat'>:</span> <span class='ocrx_word' id='word_1_57' title='bbox 1405 921 1614 999; x_wconf 91' lang='lat' dir='ltr'><strong>quippe</strong></span> <span class='ocrx_word' id='word_1_58' title='bbox 1658 919 1927 990; x_wconf 81' lang='lat' dir='ltr'><strong>residuis,</strong></span> <span class='ocrx_word' id='word_1_59' title='bbox 1959 921 2102 978; x_wconf 91' lang='lat' dir='ltr'><strong>inte·</strong></span> 
     </span>
     <span class='ocr_line' id='line_1_9' title="bbox 365 1020 2107 1100; baseline 0 -22"><span class='ocrx_word' id='word_1_60' title='bbox 365 1022 589 1100; x_wconf 87' lang='lat' dir='ltr'><strong>grisque</strong></span> <span class='ocrx_word' id='word_1_61' title='bbox 622 1024 788 1080; x_wconf 88' lang='lat' dir='ltr'><strong>etiam</strong></span> <span class='ocrx_word' id='word_1_62' title='bbox 816 1043 991 1093; x_wconf 91' lang='lat' dir='ltr'><strong>nunc,</strong></span> <span class='ocrx_word' id='word_1_63' title='bbox 1017 1043 1155 1100; x_wconf 92' lang='lat' dir='ltr'><strong>quas</strong></span> <span class='ocrx_word' id='word_1_64' title='bbox 1179 1042 1364 1079; x_wconf 91' lang='lat' dir='ltr'><strong>secum</strong></span> <span class='ocrx_word' id='word_1_65' title='bbox 1388 1021 1459 1079; x_wconf 88' lang='lat' dir='ltr'><strong>ad</strong></span> <span class='ocrx_word' id='word_1_66' title='bbox 1485 1020 1756 1079; x_wconf 87' lang='lat' dir='ltr'><strong>secundos</strong></span> <span class='ocrx_word' id='word_1_67' title='bbox 1782 1042 1940 1080; x_wconf 89' lang='lat' dir='ltr'><strong>casus</strong></span> <span class='ocrx_word' id='word_1_68' title='bbox 1965 1021 2107 1078; x_wconf 89' lang='lat' dir='ltr'><strong>deti-</strong></span> 
     </span>
     <span class='ocr_line' id='line_1_10' title="bbox 366 1122 2107 1204; baseline 0 -24"><span class='ocrx_word' id='word_1_69' title='bbox 366 1137 566 1182; x_wconf 85' lang='lat' dir='ltr'><strong>nuerat</strong></span> <span class='ocrx_word' id='word_1_70' title='bbox 584 1167 600 1197; x_wconf 93' lang='lat'>‚</span> <span class='ocrx_word' id='word_1_71' title='bbox 631 1137 686 1182; x_wconf 88' lang='lat' dir='ltr'><strong>et</strong></span> <span class='ocrx_word' id='word_1_72' title='bbox 710 1124 1228 1204; x_wconf 88' lang='lat' dir='ltr'><strong>supervenientibus</strong></span> <span class='ocrx_word' id='word_1_73' title='bbox 1256 1123 1379 1182; x_wconf 92' lang='lat' dir='ltr'><strong>aliis</strong></span> <span class='ocrx_word' id='word_1_74' title='bbox 1397 1145 1427 1181; x_wconf 95' lang='lat' dir='ltr'><strong>e</strong></span> <span class='ocrx_word' id='word_1_75' title='bbox 1446 1122 1723 1182; x_wconf 91' lang='lat' dir='ltr'><strong>Dalmatia</strong></span> <span class='ocrx_word' id='word_1_76' title='bbox 1742 1166 1758 1194; x_wconf 90' lang='lat'>‚</span> <span class='ocrx_word' id='word_1_77' title='bbox 1792 1124 2107 1180; x_wconf 91' lang='lat' dir='ltr'><strong>Pannonia-</strong></span> 
     </span>
     <span class='ocr_line' id='line_1_11' title="bbox 364 1224 2108 1303; baseline 0 -21"><span class='ocrx_word' id='word_1_78' title='bbox 364 1245 475 1302; x_wconf 89' lang='lat' dir='ltr'><strong>que</strong></span> <span class='ocrx_word' id='word_1_79' title='bbox 505 1237 564 1282; x_wconf 88' lang='lat' dir='ltr'><strong>et</strong></span> <span class='ocrx_word' id='word_1_80' title='bbox 604 1226 799 1282; x_wconf 85' lang='lat' dir='ltr'><strong>Moesia</strong></span> <span class='ocrx_word' id='word_1_81' title='bbox 832 1247 845 1282; x_wconf 92' lang='lat'>:</span> <span class='ocrx_word' id='word_1_82' title='bbox 874 1246 946 1282; x_wconf 88' lang='lat' dir='ltr'><strong>ne</strong></span> <span class='ocrx_word' id='word_1_83' title='bbox 975 1226 1134 1282; x_wconf 86' lang='lat' dir='ltr'><strong>victis</strong></span> <span class='ocrx_word' id='word_1_84' title='bbox 1161 1224 1390 1303; x_wconf 91' lang='lat' dir='ltr'><strong>quidem</strong></span> <span class='ocrx_word' id='word_1_85' title='bbox 1425 1225 1565 1282; x_wconf 92' lang='lat' dir='ltr'><strong>adeo</strong></span> <span class='ocrx_word' id='word_1_86' title='bbox 1597 1224 1847 1294; x_wconf 84' lang='lat' dir='ltr'><strong>afflictis,</strong></span> <span class='ocrx_word' id='word_1_87' title='bbox 1891 1237 1955 1281; x_wconf 90' lang='lat' dir='ltr'><strong>ut</strong></span> <span class='ocrx_word' id='word_1_88' title='bbox 1993 1245 2108 1282; x_wconf 91' lang='lat' dir='ltr'><strong>non</strong></span> 
     </span>
     <span class='ocr_line' id='line_1_12' title="bbox 367 1322 2108 1405; baseline -0.001 -24"><span class='ocrx_word' id='word_1_89' title='bbox 367 1326 428 1384; x_wconf 87' lang='lat' dir='ltr'><strong>in</strong></span> <span class='ocrx_word' id='word_1_90' title='bbox 463 1323 735 1383; x_wconf 90' lang='lat' dir='ltr'><strong>ultionem</strong></span> <span class='ocrx_word' id='word_1_91' title='bbox 767 1327 1085 1405; x_wconf 79' lang='lat' dir='ltr'><strong>ignominiae</strong></span> <span class='ocrx_word' id='word_1_92' title='bbox 1117 1325 1336 1403; x_wconf 91' lang='lat' dir='ltr'><strong>quidvis</strong></span> <span class='ocrx_word' id='word_1_93' title='bbox 1364 1325 1698 1382; x_wconf 91' lang='lat' dir='ltr'><strong>discriminis</strong></span> <span class='ocrx_word' id='word_1_94' title='bbox 1725 1322 1874 1381; x_wconf 89' lang='lat' dir='ltr'><strong>ultro</strong></span> <span class='ocrx_word' id='word_1_95' title='bbox 1892 1369 1907 1399; x_wconf 88' lang='lat'>‚</span> <span class='ocrx_word' id='word_1_96' title='bbox 1937 1337 1992 1381; x_wconf 92' lang='lat' dir='ltr'><strong>et</strong></span> <span class='ocrx_word' id='word_1_97' title='bbox 2022 1325 2108 1383; x_wconf 87' lang='lat' dir='ltr'><strong>vel</strong></span> 
     </span>
     <span class='ocr_line' id='line_1_13' title="bbox 362 1423 788 1505; baseline 0.002 -23"><span class='ocrx_word' id='word_1_98' title='bbox 362 1423 490 1483; x_wconf 85' lang='lat' dir='ltr'><strong>solae</strong></span> <span class='ocrx_word' id='word_1_99' title='bbox 522 1425 788 1505; x_wconf 83' lang='lat' dir='ltr'><strong>subirent.</strong></span> 
     </span>
    </p>

    <p class='ocr_par' dir='ltr' id='par_1_3' title="bbox 359 1525 2108 3317">
     <span class='ocr_line' id='line_1_14' title="bbox 440 1525 2108 1606; baseline -0.001 -22"><span class='ocrx_word' id='word_1_100' title='bbox 440 1529 515 1584; x_wconf 89' lang='lat' dir='ltr'><strong>X.</strong></span> <span class='ocrx_word' id='word_1_101' title='bbox 548 1526 811 1585; x_wconf 85' lang='lat' dir='ltr'><strong>Interfuit</strong></span> <span class='ocrx_word' id='word_1_102' title='bbox 845 1528 955 1585; x_wconf 92' lang='lat' dir='ltr'><strong>hoc</strong></span> <span class='ocrx_word' id='word_1_103' title='bbox 988 1525 1137 1585; x_wconf 91' lang='lat' dir='ltr'><strong>bello</strong></span> <span class='ocrx_word' id='word_1_104' title='bbox 1174 1538 1336 1606; x_wconf 91' lang='lat' dir='ltr'><strong>pater</strong></span> <span class='ocrx_word' id='word_1_105' title='bbox 1378 1547 1533 1583; x_wconf 89' lang='lat' dir='ltr'><strong>meus</strong></span> <span class='ocrx_word' id='word_1_106' title='bbox 1573 1526 1872 1583; x_wconf 90' lang='lat' dir='ltr'><strong>Suetonius</strong></span> <span class='ocrx_word' id='word_1_107' title='bbox 1901 1527 2070 1583; x_wconf 91' lang='lat' dir='ltr'><strong>Lenis</strong></span> <span class='ocrx_word' id='word_1_108' title='bbox 2094 1571 2108 1597; x_wconf 85' lang='lat'><strong><em>‚</em></strong></span> 
     </span>
     <span class='ocr_line' id='line_1_15' title="bbox 361 1625 2105 1709; baseline -0.001 -25"><span class='ocrx_word' id='word_1_109' title='bbox 361 1626 539 1685; x_wconf 83' lang='lat' dir='ltr'><strong>tertiae</strong></span> <span class='ocrx_word' id='word_1_110' title='bbox 573 1627 799 1686; x_wconf 84' lang='lat' dir='ltr'><strong>decimae</strong></span> <span class='ocrx_word' id='word_1_111' title='bbox 838 1627 1071 1709; x_wconf 86' lang='lat' dir='ltr'><strong>legionis</strong></span> <span class='ocrx_word' id='word_1_112' title='bbox 1102 1628 1360 1685; x_wconf 86' lang='lat' dir='ltr'><strong>tribunus</strong></span> <span class='ocrx_word' id='word_1_113' title='bbox 1390 1625 1842 1706; x_wconf 87' lang='lat' dir='ltr'><strong>angusticlavius.</strong></span> <span class='ocrx_word' id='word_1_114' title='bbox 1880 1630 1934 1684; x_wconf 94' lang='lat' dir='ltr'><strong>Is</strong></span> <span class='ocrx_word' id='word_1_115' title='bbox 1971 1648 2105 1684; x_wconf 86' lang='lat' dir='ltr'><strong>mox</strong></span> 
     </span>
     <span class='ocr_line' id='line_1_16' title="bbox 361 1727 2103 1805; baseline -0.001 -20"><span class='ocrx_word' id='word_1_116' title='bbox 361 1727 569 1786; x_wconf 87' lang='lat' dir='ltr'><strong>referre</strong></span> <span class='ocrx_word' id='word_1_117' title='bbox 592 1729 787 1787; x_wconf 88' lang='lat' dir='ltr'><strong>crebro</strong></span> <span class='ocrx_word' id='word_1_118' title='bbox 816 1728 1032 1788; x_wconf 86' lang='lat' dir='ltr'><strong>solebat</strong></span> <span class='ocrx_word' id='word_1_119' title='bbox 1050 1773 1065 1802; x_wconf 91' lang='lat'>‚</span> <span class='ocrx_word' id='word_1_120' title='bbox 1091 1730 1377 1788; x_wconf 89' lang='lat' dir='ltr'><strong>Othonem</strong></span> <span class='ocrx_word' id='word_1_121' title='bbox 1415 1730 1582 1784; x_wconf 88' lang='lat' dir='ltr'><strong>etiam</strong></span> <span class='ocrx_word' id='word_1_122' title='bbox 1611 1728 1892 1805; x_wconf 89' lang='lat' dir='ltr'><strong>privatum</strong></span> <span class='ocrx_word' id='word_1_123' title='bbox 1926 1747 2103 1804; x_wconf 90' lang='lat' dir='ltr'><strong>usque</strong></span> 
     </span>
     <span class='ocr_line' id='line_1_17' title="bbox 361 1814 2102 1906; baseline -0.002 -20"><span class='ocrx_word' id='word_1_124' title='bbox 361 1828 500 1886; x_wconf 88' lang='lat' dir='ltr'><strong>adeo</strong></span> <span class='ocrx_word' id='word_1_125' title='bbox 527 1829 858 1888; x_wconf 90' lang='lat' dir='ltr'><strong>detestatum</strong></span> <span class='ocrx_word' id='word_1_126' title='bbox 893 1830 1076 1888; x_wconf 92' lang='lat' dir='ltr'><strong>civilia</strong></span> <span class='ocrx_word' id='word_1_127' title='bbox 1104 1851 1292 1902; x_wconf 87' lang='lat' dir='ltr'><strong>arma,</strong></span> <span class='ocrx_word' id='word_1_128' title='bbox 1335 1842 1399 1886; x_wconf 92' lang='lat' dir='ltr'><strong>ut</strong></span> <span class='ocrx_word' id='word_1_129' title='bbox 1422 1873 1437 1902; x_wconf 91' lang='lat'>,</span> <span class='ocrx_word' id='word_1_130' title='bbox 1484 1814 1829 1885; x_wconf 84' lang='lat' dir='ltr'><strong>memorante</strong></span> <span class='ocrx_word' id='word_1_131' title='bbox 1863 1827 2102 1906; x_wconf 86' lang='lat' dir='ltr'><strong>quodam</strong></span> 
     </span>
     <span class='ocr_line' id='line_1_18' title="bbox 359 1929 2108 2008; baseline 0.001 -24"><span class='ocrx_word' id='word_1_132' title='bbox 359 1929 507 1986; x_wconf 88' lang='lat' dir='ltr'><strong>inter</strong></span> <span class='ocrx_word' id='word_1_133' title='bbox 547 1929 738 2008; x_wconf 90' lang='lat' dir='ltr'><strong>epulas</strong></span> <span class='ocrx_word' id='word_1_134' title='bbox 773 1930 842 1987; x_wconf 89' lang='lat' dir='ltr'><strong>de</strong></span> <span class='ocrx_word' id='word_1_135' title='bbox 871 1932 1045 1989; x_wconf 90' lang='lat' dir='ltr'><strong>Cassii</strong></span> <span class='ocrx_word' id='word_1_136' title='bbox 1075 1932 1346 2008; x_wconf 91' lang='lat' dir='ltr'><strong>Brutique</strong></span> <span class='ocrx_word' id='word_1_137' title='bbox 1374 1931 1521 1987; x_wconf 88' lang='lat' dir='ltr'><strong>exitu</strong></span> <span class='ocrx_word' id='word_1_138' title='bbox 1543 1973 1558 2003; x_wconf 91' lang='lat'>‚</span> <span class='ocrx_word' id='word_1_139' title='bbox 1588 1930 1937 1987; x_wconf 88' lang='lat' dir='ltr'><strong>cohorruerit</strong></span> <span class='ocrx_word' id='word_1_140' title='bbox 1963 1951 1976 1986; x_wconf 73' lang='grc' dir='ltr'><strong>ε</strong></span> <span class='ocrx_word' id='word_1_141' title='bbox 2006 1950 2108 1986; x_wconf 90' lang='lat' dir='ltr'><strong>nec</strong></span> 
     </span>
     <span class='ocr_line' id='line_1_19' title="bbox 361 2031 2105 2104; baseline 0 -17"><span class='ocrx_word' id='word_1_142' title='bbox 361 2052 765 2089; x_wconf 85' lang='lat' dir='ltr'><strong>concursurum</strong></span> <span class='ocrx_word' id='word_1_143' title='bbox 809 2053 938 2089; x_wconf 88' lang='lat' dir='ltr'><strong>cum</strong></span> <span class='ocrx_word' id='word_1_144' title='bbox 985 2031 1168 2089; x_wconf 90' lang='lat' dir='ltr'><strong>Galba</strong></span> <span class='ocrx_word' id='word_1_145' title='bbox 1213 2032 1379 2089; x_wconf 88' lang='lat' dir='ltr'><strong>fuisse</strong></span> <span class='ocrx_word' id='word_1_146' title='bbox 1398 2075 1413 2104; x_wconf 74' lang='lat'><strong><em>⁷</em></strong></span> <span class='ocrx_word' id='word_1_147' title='bbox 1457 2033 1562 2087; x_wconf 92' lang='lat' dir='ltr'><strong>nisi</strong></span> <span class='ocrx_word' id='word_1_148' title='bbox 1604 2031 1936 2103; x_wconf 88' lang='lat' dir='ltr'><strong>confideret,</strong></span> <span class='ocrx_word' id='word_1_149' title='bbox 1983 2032 2105 2087; x_wconf 89' lang='lat' dir='ltr'><strong>sine</strong></span> 
     </span>
     <span class='ocr_line' id='line_1_20' title="bbox 360 2130 2105 2210; baseline 0 -23"><span class='ocrx_word' id='word_1_150' title='bbox 360 2130 508 2188; x_wconf 88' lang='lat' dir='ltr'><strong>bello</strong></span> <span class='ocrx_word' id='word_1_151' title='bbox 539 2153 659 2189; x_wconf 88' lang='lat' dir='ltr'><strong>rem</strong></span> <span class='ocrx_word' id='word_1_152' title='bbox 694 2133 927 2210; x_wconf 85' lang='lat' dir='ltr'><strong>transigi</strong></span> <span class='ocrx_word' id='word_1_153' title='bbox 960 2153 1120 2210; x_wconf 91' lang='lat' dir='ltr'><strong>posse</strong></span> <span class='ocrx_word' id='word_1_154' title='bbox 1161 2154 1174 2188; x_wconf 91' lang='lat'>:</span> <span class='ocrx_word' id='word_1_155' title='bbox 1217 2145 1352 2188; x_wconf 91' lang='lat' dir='ltr'><strong>tunc</strong></span> <span class='ocrx_word' id='word_1_156' title='bbox 1387 2131 1457 2187; x_wconf 90' lang='lat' dir='ltr'><strong>ad</strong></span> <span class='ocrx_word' id='word_1_157' title='bbox 1491 2131 1898 2208; x_wconf 88' lang='lat' dir='ltr'><strong>despiciendam</strong></span> <span class='ocrx_word' id='word_1_158' title='bbox 1931 2133 2105 2188; x_wconf 85' lang='lat' dir='ltr'><strong>vitam</strong></span> 
     </span>
     <span class='ocr_line' id='line_1_21' title="bbox 360 2231 2107 2311; baseline 0 -23"><span class='ocrx_word' id='word_1_159' title='bbox 360 2231 614 2311; x_wconf 83' lang='lat' dir='ltr'><strong>exemplo</strong></span> <span class='ocrx_word' id='word_1_160' title='bbox 640 2231 1006 2310; x_wconf 86' lang='lat' dir='ltr'><strong>manipularis</strong></span> <span class='ocrx_word' id='word_1_161' title='bbox 1026 2232 1220 2289; x_wconf 89' lang='lat' dir='ltr'><strong>militis</strong></span> <span class='ocrx_word' id='word_1_162' title='bbox 1242 2234 1582 2293; x_wconf 90' lang='lat' dir='ltr'><strong>concitatum</strong></span> <span class='ocrx_word' id='word_1_163' title='bbox 1598 2276 1613 2306; x_wconf 89' lang='lat'>‚</span> <span class='ocrx_word' id='word_1_164' title='bbox 1645 2233 1741 2310; x_wconf 92' lang='lat' dir='ltr'><strong>qui</strong></span> <span class='ocrx_word' id='word_1_165' title='bbox 1760 2275 1776 2306; x_wconf 86' lang='lat'>‚</span> <span class='ocrx_word' id='word_1_166' title='bbox 1805 2253 1978 2310; x_wconf 89' lang='lat' dir='ltr'><strong>quum</strong></span> <span class='ocrx_word' id='word_1_167' title='bbox 2001 2232 2107 2289; x_wconf 92' lang='lat' dir='ltr'><strong>cla-</strong></span> 
     </span>
     <span class='ocr_line' id='line_1_22' title="bbox 361 2331 2107 2412; baseline 0.002 -24"><span class='ocrx_word' id='word_1_168' title='bbox 361 2331 488 2389; x_wconf 90' lang='lat' dir='ltr'><strong>dem</strong></span> <span class='ocrx_word' id='word_1_169' title='bbox 510 2334 783 2391; x_wconf 88' lang='lat' dir='ltr'><strong>exercitus</strong></span> <span class='ocrx_word' id='word_1_170' title='bbox 818 2336 1140 2406; x_wconf 88' lang='lat' dir='ltr'><strong>nunciaret,</strong></span> <span class='ocrx_word' id='word_1_171' title='bbox 1172 2355 1273 2391; x_wconf 91' lang='lat' dir='ltr'><strong>nec</strong></span> <span class='ocrx_word' id='word_1_172' title='bbox 1302 2334 1565 2412; x_wconf 88' lang='lat' dir='ltr'><strong>cuiquam</strong></span> <span class='ocrx_word' id='word_1_173' title='bbox 1592 2333 1758 2390; x_wconf 86' lang='lat' dir='ltr'><strong>fidem</strong></span> <span class='ocrx_word' id='word_1_174' title='bbox 1780 2333 1984 2391; x_wconf 86' lang='lat' dir='ltr'><strong>faceret</strong></span> <span class='ocrx_word' id='word_1_175' title='bbox 2001 2378 2016 2404; x_wconf 94' lang='lat'>‚</span> <span class='ocrx_word' id='word_1_176' title='bbox 2043 2355 2107 2391; x_wconf 93' lang='lat' dir='ltr'><strong>ac</strong></span> 
     </span>
     <span class='ocr_line' id='line_1_23' title="bbox 364 2429 2106 2513; baseline 0.002 -24"><span class='ocrx_word' id='word_1_177' title='bbox 364 2429 515 2490; x_wconf 87' lang='lat' dir='ltr'><strong>nunc</strong></span> <span class='ocrx_word' id='word_1_178' title='bbox 539 2433 845 2506; x_wconf 89' lang='lat' dir='ltr'><strong>mendacii,</strong></span> <span class='ocrx_word' id='word_1_179' title='bbox 872 2455 1020 2491; x_wconf 90' lang='lat' dir='ltr'><strong>nunc</strong></span> <span class='ocrx_word' id='word_1_180' title='bbox 1045 2435 1262 2492; x_wconf 91' lang='lat' dir='ltr'><strong>timoris</strong></span> <span class='ocrx_word' id='word_1_181' title='bbox 1277 2479 1292 2509; x_wconf 86' lang='lat'>,</span> <span class='ocrx_word' id='word_1_182' title='bbox 1317 2437 1474 2512; x_wconf 87' lang='lat' dir='ltr'><strong>quasi</strong></span> <span class='ocrx_word' id='word_1_183' title='bbox 1498 2435 1732 2513; x_wconf 85' lang='lat' dir='ltr'><strong>fugisset</strong></span> <span class='ocrx_word' id='word_1_184' title='bbox 1754 2456 1821 2492; x_wconf 88' lang='lat' dir='ltr'><strong>ex</strong></span> <span class='ocrx_word' id='word_1_185' title='bbox 1845 2436 1989 2507; x_wconf 86' lang='lat' dir='ltr'><strong>acie,</strong></span> <span class='ocrx_word' id='word_1_186' title='bbox 2013 2456 2106 2492; x_wconf 89' lang='lat' dir='ltr'><strong>ar·</strong></span> 
     </span>
     <span class='ocr_line' id='line_1_24' title="bbox 361 2534 2102 2615; baseline 0.001 -24"><span class='ocrx_word' id='word_1_187' title='bbox 361 2546 645 2612; x_wconf 88' lang='lat' dir='ltr'><strong>gueretur‚</strong></span> <span class='ocrx_word' id='word_1_188' title='bbox 682 2534 867 2615; x_wconf 88' lang='lat' dir='ltr'><strong>gladio</strong></span> <span class='ocrx_word' id='word_1_189' title='bbox 895 2548 1024 2592; x_wconf 86' lang='lat' dir='ltr'><strong>ante</strong></span> <span class='ocrx_word' id='word_1_190' title='bbox 1051 2535 1220 2613; x_wconf 92' lang='lat' dir='ltr'><strong>pedes</strong></span> <span class='ocrx_word' id='word_1_191' title='bbox 1249 2537 1366 2614; x_wconf 88' lang='lat' dir='ltr'><strong>ejus</strong></span> <span class='ocrx_word' id='word_1_192' title='bbox 1399 2537 1732 2592; x_wconf 89' lang='lat' dir='ltr'><strong>incubuerit.</strong></span> <span class='ocrx_word' id='word_1_193' title='bbox 1782 2539 1904 2592; x_wconf 92' lang='lat' dir='ltr'><strong>Hoc</strong></span> <span class='ocrx_word' id='word_1_194' title='bbox 1941 2538 2061 2593; x_wconf 90' lang='lat' dir='ltr'><strong>viso</strong></span> <span class='ocrx_word' id='word_1_195' title='bbox 2087 2581 2102 2608; x_wconf 92' lang='lat'>‚</span> 
     </span>
     <span class='ocr_line' id='line_1_25' title="bbox 363 2622 2102 2716; baseline 0.002 -25"><span class='ocrx_word' id='word_1_196' title='bbox 363 2635 733 2712; x_wconf 88' lang='lat' dir='ltr'><strong>proclamasse</strong></span> <span class='ocrx_word' id='word_1_197' title='bbox 754 2622 909 2709; x_wconf 87' lang='lat' dir='ltr'><strong>eum,</strong></span> <span class='ocrx_word' id='word_1_198' title='bbox 932 2637 1141 2710; x_wconf 88' lang='lat' dir='ltr'><strong>aiebat,</strong></span> <span class='ocrx_word' id='word_1_199' title='bbox 1166 2661 1193 2690; x_wconf 91' lang='lat'>«</span> <span class='ocrx_word' id='word_1_200' title='bbox 1209 2637 1339 2695; x_wconf 88' lang='lat' dir='ltr'><strong>Non</strong></span> <span class='ocrx_word' id='word_1_201' title='bbox 1364 2635 1603 2716; x_wconf 88' lang='lat' dir='ltr'><strong>amplius</strong></span> <span class='ocrx_word' id='word_1_202' title='bbox 1624 2659 1681 2694; x_wconf 89' lang='lat' dir='ltr'><strong>se</strong></span> <span class='ocrx_word' id='word_1_203' title='bbox 1709 2638 1767 2693; x_wconf 91' lang='lat' dir='ltr'><strong>in</strong></span> <span class='ocrx_word' id='word_1_204' title='bbox 1795 2636 2102 2715; x_wconf 89' lang='lat' dir='ltr'><strong>periculum</strong></span> 
     </span>
     <span class='ocr_line' id='line_1_26' title="bbox 365 2733 2099 2816; baseline 0.002 -25"><span class='ocrx_word' id='word_1_205' title='bbox 365 2733 499 2792; x_wconf 87' lang='lat' dir='ltr'><strong>tales</strong></span> <span class='ocrx_word' id='word_1_206' title='bbox 521 2747 748 2813; x_wconf 88' lang='lat' dir='ltr'><strong>tamque</strong></span> <span class='ocrx_word' id='word_1_207' title='bbox 769 2737 911 2794; x_wconf 89' lang='lat' dir='ltr'><strong>hene</strong></span> <span class='ocrx_word' id='word_1_208' title='bbox 931 2738 1156 2794; x_wconf 90' lang='lat' dir='ltr'><strong>meritos</strong></span> <span class='ocrx_word' id='word_1_209' title='bbox 1178 2738 1577 2815; x_wconf 87' lang='lat' dir='ltr'><strong>conjecturum.</strong></span> <span class='ocrx_word' id='word_1_210' title='bbox 1590 2762 1618 2791; x_wconf 83' lang='lat'><strong>›)</strong></span> <span class='ocrx_word' id='word_1_211' title='bbox 1638 2742 1887 2795; x_wconf 90' lang='lat' dir='ltr'><strong>Fratrem</strong></span> <span class='ocrx_word' id='word_1_212' title='bbox 1908 2739 2099 2816; x_wconf 82' lang='lat' dir='ltr'><strong>igitur,</strong></span> 
     </span>
     <span class='ocr_line' id='line_1_27' title="bbox 364 2834 2104 2918; baseline 0.003 -27"><span class='ocrx_word' id='word_1_213' title='bbox 364 2834 665 2914; x_wconf 87' lang='lat' dir='ltr'><strong>fratrisque</strong></span> <span class='ocrx_word' id='word_1_214' title='bbox 692 2836 896 2911; x_wconf 86' lang='lat' dir='ltr'><strong>filium,</strong></span> <span class='ocrx_word' id='word_1_215' title='bbox 938 2848 993 2894; x_wconf 91' lang='lat' dir='ltr'><strong>et</strong></span> <span class='ocrx_word' id='word_1_216' title='bbox 1025 2837 1272 2918; x_wconf 87' lang='lat' dir='ltr'><strong>singulos</strong></span> <span class='ocrx_word' id='word_1_217' title='bbox 1312 2839 1618 2895; x_wconf 86' lang='lat' dir='ltr'><strong>amicorum</strong></span> <span class='ocrx_word' id='word_1_218' title='bbox 1654 2839 1977 2897; x_wconf 71' lang='lat' dir='ltr'><strong>cohortatus</strong></span> <span class='ocrx_word' id='word_1_219' title='bbox 1996 2883 2012 2911; x_wconf 89' lang='lat'>‚</span> <span class='ocrx_word' id='word_1_220' title='bbox 2042 2852 2104 2896; x_wconf 92' lang='lat' dir='ltr'><strong>ut</strong></span> 
     </span>
     <span class='ocr_line' id='line_1_28' title="bbox 365 2936 2105 3019; baseline 0.003 -28"><span class='ocrx_word' id='word_1_221' title='bbox 365 2936 469 2992; x_wconf 90' lang='lat' dir='ltr'><strong>sibi</strong></span> <span class='ocrx_word' id='word_1_222' title='bbox 500 2937 735 3015; x_wconf 86' lang='lat' dir='ltr'><strong>quisquc</strong></span> <span class='ocrx_word' id='word_1_223' title='bbox 777 2959 881 3017; x_wconf 89' lang='lat' dir='ltr'><strong>pro</strong></span> <span class='ocrx_word' id='word_1_224' title='bbox 924 2938 1188 2996; x_wconf 82' lang='lat' dir='ltr'><strong>facultate</strong></span> <span class='ocrx_word' id='word_1_225' title='bbox 1242 2939 1589 3013; x_wconf 89' lang='lat' dir='ltr'><strong>consuleret,</strong></span> <span class='ocrx_word' id='word_1_226' title='bbox 1639 2941 1709 2997; x_wconf 88' lang='lat' dir='ltr'><strong>ab</strong></span> <span class='ocrx_word' id='word_1_227' title='bbox 1755 2939 2014 3019; x_wconf 88' lang='lat' dir='ltr'><strong>amplexu</strong></span> <span class='ocrx_word' id='word_1_228' title='bbox 2050 2954 2105 2997; x_wconf 90' lang='lat' dir='ltr'><strong>et</strong></span> 
     </span>
     <span class='ocr_line' id='line_1_29' title="bbox 363 3035 2105 3121; baseline 0.002 -28"><span class='ocrx_word' id='word_1_229' title='bbox 363 3035 555 3094; x_wconf 90' lang='lat' dir='ltr'><strong>osculo</strong></span> <span class='ocrx_word' id='word_1_230' title='bbox 585 3058 687 3094; x_wconf 92' lang='lat' dir='ltr'><strong>suo</strong></span> <span class='ocrx_word' id='word_1_231' title='bbox 723 3039 933 3097; x_wconf 91' lang='lat' dir='ltr'><strong>dimisit</strong></span> <span class='ocrx_word' id='word_1_232' title='bbox 958 3059 1174 3114; x_wconf 81' lang='lat' dir='ltr'><strong>omneS‚</strong></span> <span class='ocrx_word' id='word_1_233' title='bbox 1202 3053 1526 3119; x_wconf 88' lang='lat' dir='ltr'><strong>secretoque</strong></span> <span class='ocrx_word' id='word_1_234' title='bbox 1548 3053 1740 3121; x_wconf 84' lang='lat' dir='ltr'><strong>capto,</strong></span> <span class='ocrx_word' id='word_1_235' title='bbox 1764 3042 1926 3099; x_wconf 90' lang='lat' dir='ltr'><strong>binos</strong></span> <span class='ocrx_word' id='word_1_236' title='bbox 1949 3040 2105 3098; x_wconf 91' lang='lat' dir='ltr'><strong>codi-</strong></span> 
     </span>
     <span class='ocr_line' id='line_1_30' title="bbox 365 3134 2104 3217; baseline 0.003 -25"><span class='ocrx_word' id='word_1_237' title='bbox 365 3134 522 3194; x_wconf 91' lang='lat' dir='ltr'><strong>cillos</strong></span> <span class='ocrx_word' id='word_1_238' title='bbox 542 3141 788 3196; x_wconf 86' lang='lat' dir='ltr'><strong>exaravit</strong></span> <span class='ocrx_word' id='word_1_239' title='bbox 812 3161 824 3196; x_wconf 90' lang='lat'><strong>:</strong></span> <span class='ocrx_word' id='word_1_240' title='bbox 851 3140 921 3197; x_wconf 91' lang='lat' dir='ltr'><strong>ad</strong></span> <span class='ocrx_word' id='word_1_241' title='bbox 944 3162 1191 3198; x_wconf 89' lang='lat' dir='ltr'><strong>sororem</strong></span> <span class='ocrx_word' id='word_1_242' title='bbox 1213 3142 1642 3217; x_wconf 88' lang='lat' dir='ltr'><strong>consolatorios,</strong></span> <span class='ocrx_word' id='word_1_243' title='bbox 1666 3143 1763 3200; x_wconf 91' lang='lat' dir='ltr'><strong>sed</strong></span> <span class='ocrx_word' id='word_1_244' title='bbox 1787 3155 1843 3199; x_wconf 89' lang='lat' dir='ltr'><strong>et</strong></span> <span class='ocrx_word' id='word_1_245' title='bbox 1864 3142 1935 3199; x_wconf 91' lang='lat' dir='ltr'><strong>ad</strong></span> <span class='ocrx_word' id='word_1_246' title='bbox 1958 3144 2104 3198; x_wconf 92' lang='lat' dir='ltr'><strong>Mes-</strong></span> 
     </span>
     <span class='ocr_line' id='line_1_31' title="bbox 366 3234 2108 3317; baseline 0.004 -26"><span class='ocrx_word' id='word_1_247' title='bbox 366 3234 598 3294; x_wconf 87' lang='lat' dir='ltr'><strong>salinam</strong></span> <span class='ocrx_word' id='word_1_248' title='bbox 617 3240 882 3313; x_wconf 87' lang='lat' dir='ltr'><strong>Neronis‚</strong></span> <span class='ocrx_word' id='word_1_249' title='bbox 907 3262 1070 3317; x_wconf 90' lang='lat' dir='ltr'><strong>quam</strong></span> <span class='ocrx_word' id='word_1_250' title='bbox 1096 3243 1452 3299; x_wconf 87' lang='lat' dir='ltr'><strong>matrimonio</strong></span> <span class='ocrx_word' id='word_1_251' title='bbox 1478 3243 1805 3313; x_wconf 89' lang='lat' dir='ltr'><strong>destinarat,</strong></span> <span class='ocrx_word' id='word_1_252' title='bbox 1833 3264 2108 3299; x_wconf 91' lang='lat' dir='ltr'><strong>commen-</strong></span> 
     </span>
    </p>
   </div>
  </div>
 </body>
</html>
