2372 3918
329 284 344 312 ι
360 284 383 312 2
1001 267 1048 311 C.
1086 267 1380 313 SUETONH

324 374 601 430 mentione
650 373 806 429 facta.
855 371 985 443 Quo
1027 370 1327 428 faciliorem
1371 392 1715 428 occasionem
1747 376 1825 429 M.
1868 373 2051 431 Salvio

323 457 533 531 Othoni
572 475 802 551 praebuit
837 471 1155 550 perficiendi
1191 486 1413 544 conata,
1449 475 1591 529 intra
1629 485 1840 530 sextum
1881 474 2053 553 adop-

322 577 486 632 tionis
524 572 684 631 diem.

401 678 606 734 XVIII.
639 678 845 753 Magna
873 688 927 731 et
951 674 1166 732 assidua
1200 689 1445 733 monstra
1483 677 1599 752 jam
1631 675 1760 731 inde
1788 696 1819 731 a
1849 677 2056 752 princi·

321 778 414 853 pio
448 777 657 832 exitum
695 778 770 847 ei,
809 774 984 853 qualis
1023 777 1232 847 evenit,
1265 776 1672 854 portenderant
1723 777 1916 849 Quum
1958 798 2056 854 per

323 899 485 934 omno
520 877 624 932 iter
666 877 855 946 dextra
901 878 1230 954 sinistraque
1268 877 1575 954 oppidatim
1618 878 1852 933 victimae
1890 877 2059 934 caede-

322 993 535 1051 rentur,
563 992 784 1052 tauruS,
817 980 1019 1035 securis
1054 979 1167 1035 ictu
1201 991 1611 1051 consternatus,
1643 967 1808 1056 rupto
1834 978 2059 1035 vinculo

321 1080 571 1137 essedum
619 1081 735 1158 ejus
776 1081 1008 1151 invasit,
1046 1078 1309 1156 elatisque
1353 1079 1585 1156 pedibus
1631 1092 1811 1136 totum
1860 1102 2059 1137 cruore

322 1179 598 1259 perfudit3
653 1202 717 1238 ac
766 1180 1189 1237 descendentem
1239 1178 1551 1257 speculator
1597 1179 1835 1258 impulsu
1886 1183 2060 1237 turbae

321 1281 512 1338 lancea
543 1302 715 1359 prope
750 1279 1079 1337 vulneravit.
1110 1281 1325 1337 Urbem
1357 1302 1578 1358 quoque
1598 1323 1612 1352 ,
1648 1293 1702 1336 et
1738 1281 1938 1340 deinde
1969 1304 2061 1359 pa-

320 1382 516 1439 latium
554 1384 864 1459 ingressum
892 1383 1109 1459 excepit
1138 1394 1296 1437 terrae
1325 1394 1551 1452 tremor,
1581 1394 1636 1436 et
1655 1381 1906 1438 assimilis
1942 1386 2060 1459 qui-

322 1484 449 1538 dam
485 1483 722 1560 mugitui
755 1503 939 1538 sonus.
974 1484 1171 1539 Secuta
1201 1495 1331 1538 sunt
1365 1480 1650 1558 aliquanto
1691 1483 2063 1540 manifestiora

324 1597 379 1641 et
417 1584 678 1640 tristiora.
717 1582 959 1655 Monile,
993 1583 1304 1660 margaritis
1345 1584 1684 1660 gemmisque
1716 1597 2060 1655 consertum,

325 1685 395 1742 ad
415 1685 720 1741 ornandam
744 1689 1047 1740 Fortunam
1071 1704 1227 1739 suam
1253 1683 1626 1754 tusculanam,
1660 1705 1727 1739 ex
1750 1687 1901 1740 omni
1932 1706 2063 1763 gaza

325 1798 631 1843 secreverat
659 1808 672 1842 :
707 1785 763 1841 id
799 1797 1023 1862 repente
1044 1828 1059 1856 ,
1096 1786 1250 1862 quasi
1291 1786 1609 1862 augustiore
1650 1784 1871 1862 dignius
1906 1784 2028 1841 loco
2045 1790 2061 1858 ',

322 1886 651 1964 Capitolinae
680 1887 885 1944 Veneri
913 1885 1188 1941 dedicavit
1219 1907 1231 1941 ε
1259 1906 1323 1941 ac
1357 1887 1606 1962 proxima
1635 1899 1797 1942 nocte
1828 1889 2063 1942 somnia-

322 1991 402 2044 vit
435 1990 670 2066 speciem
703 1991 960 2043 Fortunae
1002 1987 1314 2063 querentiS,
1347 1986 1652 2042 fraudatam
1693 2008 1749 2042 se
1788 1987 1936 2043 dono
1969 1987 2062 2044 de-

325 2090 554 2160 stinato,
587 2089 988 2165 minantisque,
1011 2099 1326 2164 erepturam
1353 2099 1407 2142 et
1425 2088 1625 2164 ipsam,
1658 2108 1778 2163 quae
1805 2087 2059 2144 dedisset.

321 2193 626 2266 Quumque
646 2190 964 2261 exterritus,
984 2188 1105 2244 luce
1121 2190 1302 2266 prima
1320 2187 1389 2243 ad
1407 2187 1742 2266 expiandum
1761 2191 2034 2245 somnium
2049 2235 2061 2256 ‚

324 2292 616 2369 praemissis
637 2335 652 2363 ,
710 2292 805 2367 qui
864 2312 977 2346 rem
1037 2290 1280 2345 divinam
1342 2302 1712 2367 appararent,
1759 2291 2059 2346 Tusculum

323 2395 754 2466 excucurrisset,
793 2392 931 2449 nihil
974 2393 1182 2448 invenit
1219 2404 1416 2470 praeter
1460 2391 1703 2468 tepidam
1745 2392 1801 2447 in
1840 2414 1934 2448 ara
1984 2393 2062 2449 fa-

325 2494 543 2567 villam,
582 2507 933 2570 atratumque
964 2494 1119 2570 juxta
1161 2514 1347 2557 senem
1389 2493 1446 2546 in
1491 2493 1673 2547 catino
1714 2494 1889 2549 vitreo
1934 2494 2062 2550 thus

326 2609 607 2652 tenentem
629 2639 642 2666 ,
674 2609 727 2650 et
762 2597 817 2650 in
848 2593 1014 2650 calice
1044 2593 1195 2649 fictili
1227 2615 1456 2649 merum.
1493 2594 1865 2650 Observatum
1898 2597 2060 2652 etiam

324 2709 441 2769 est,
484 2695 731 2752 kalendis
782 2696 1050 2772 januariis
1092 2694 1421 2751 sacrificanti
1468 2716 1730 2751 coronam
1774 2695 1841 2751 de
1884 2698 2063 2774 capite

324 2797 618 2869 excidisse,
663 2797 969 2873 auspicanti
1015 2794 1197 2873 pullos
1240 2793 1485 2851 avolasse
1523 2817 1535 2851 ε
1575 2795 1890 2873 adoptionis
1935 2797 2060 2868 die,

326 2918 505 2974 neque
531 2896 731 2953 milites
759 2895 1070 2953 allocuturo
1100 2907 1434 2952 castrensem
1460 2892 1647 2952 sellam
1682 2896 1749 2953 de
1778 2919 1931 2954 more
1964 2919 2060 2975 po·

328 2999 487 3054 sitam
515 3019 618 3075 pro
647 2996 944 3071 tribunali,
968 2996 1151 3053 oblitis
1181 2997 1476 3069 ministriS,
1507 3010 1562 3053 et
1586 2999 1643 3053 in
1675 3010 1868 3056 senatu
1897 3019 2062 3054 curu-

324 3096 431 3154 lem
467 3119 717 3175 perverse
748 3098 1086 3156 collocatam.

406 3201 558 3254 XIX.
606 3201 767 3255 Prius
815 3222 979 3271 vero,
1030 3223 1194 3278 quam
1250 3203 1618 3275 occideretur,
1663 3201 2058 3259 sacrificantem

326 3318 480 3353 mane
516 3296 789 3377 haruspex
825 3300 1123 3357 identidem
1165 3305 1411 3376 monuit,
1447 3315 1663 3359 caveret
1693 3300 1999 3381 periculum
2047 3323 2056 3356 :
