2372 3918
562 452 971 527 HORATII
1023 450 1386 522 POETAE
1437 450 1696 522 VITA.

995 685 1259 700 ——-—--

266 847 620 954 Honums
648 896 690 950 F
693 911 935 964 LACCUS,
963 891 1310 961 Venusinus,
1340 903 1522 967 patre,
1551 901 1614 947 ut
1646 891 1762 969 ipse
1796 889 1994 961 tradit,

259 997 534 1068 libertino,
557 1006 614 1050 et
635 994 987 1050 exactionum
1012 1003 1290 1063 coactore;
1325 1003 1387 1048 ut
1417 1011 1551 1047 vero
1578 990 1851 1048 creditum
1880 1002 1991 1061 est,

256 1095 704 1166 salsamentario;
733 1113 906 1169 quum
943 1090 1022 1147 illi
1055 1090 1281 1168 quidam
1319 1091 1376 1146 in
1407 1089 1763 1148 altercatione
1793 1112 1993 1169 expro-

255 1196 490 1265 brasset,
517 1219 544 1247 <c
560 1194 793 1267 Quoties
814 1213 917 1270 ego
938 1192 1051 1248 vidi
1071 1182 1287 1269 patrem
1315 1202 1474 1248 tuum
1499 1192 1688 1248 cubito
1711 1213 1767 1248 se
1790 1213 1991 1248 emun-

256 1291 501 1374 gentem!
521 1320 547 1348 n
580 1292 734 1350 Bello
768 1292 1130 1371 philippensi,
1164 1293 1377 1351 excitus
1407 1313 1438 1348 a
1465 1293 1660 1349 Marco
1691 1296 1866 1349 Bruto
1898 1294 1997 1349 im-

258 1408 537 1474 peratore,
575 1395 830 1451 tribunus
861 1392 1098 1449 militum
1130 1393 1332 1448 meruit
1366 1414 1380 1449 :
1415 1393 1683 1470 victisque
1713 1394 1993 1470 partibuS,

261 1498 419 1553 venia
453 1497 777 1573 impetrata,
816 1494 1086 1571 scriptum
1126 1492 1482 1569 quaestorium
1515 1494 1877 1570 comparavit.
1913 1497 1994 1550 Ac

220 1608 226 1616 “
261 1598 442 1675 primo
473 1595 791 1664 Maecenati,
832 1593 1031 1650 deinde
1062 1596 1310 1671 Augusto
1351 1593 1662 1650 insinuatus
1681 1637 1697 1667 ,
1726 1614 1839 1650 non
1870 1615 1988 1651 me-

260 1696 504 1754 diocrem
535 1697 592 1751 in
636 1695 927 1751 amborum
965 1694 1208 1750 amicitia
1252 1691 1436 1750 locum
1482 1694 1674 1749 tenuit.
1719 1695 1993 1751 Maecenas

258 1809 601 1874 quantopere
622 1817 749 1851 eum
777 1793 1058 1864 dilexerit,
1080 1794 1209 1849 satis
1230 1805 1572 1850 monstratur
1598 1791 1694 1849 illo
1718 1794 1993 1872 epigram-

253 1910 430 1971 mate,
463 1897 559 1954 ubi
591 1897 801 1974 inquit,

477 2038 538 2084 Ni
567 2047 613 2083 te
645 2037 904 2083 visceribus
929 2036 1046 2082 meis
1065 2071 1078 2095 ,
1106 2035 1302 2094 Horati,

480 2117 587 2161 Plus
616 2115 715 2175 jam
739 2115 916 2176 diligo,
947 2123 997 2160 tu
1031 2124 1162 2160 tuum
1195 2115 1408 2161 sodalem

480 2194 615 2238 Mulo
638 2208 714 2238 me
746 2193 906 2238 videas
941 2193 1294 2253 strigosiorem:

254 2317 350 2374 sed
402 2317 578 2375 multo
612 2320 782 2396 magis
824 2319 1084 2374 extremis
1106 2362 1121 2388 ,
1166 2316 1261 2374 tali
1308 2314 1378 2378 ad
1415 2322 1725 2396 Augustum
1758 2318 1941 2396 elogio
1975 2340 1988 2374 ε

257 2442 284 2470 «
309 2419 526 2475 Horatii
570 2418 783 2490 Flacci,
835 2431 897 2474 ut
947 2420 1087 2490 mei,
1135 2439 1348 2475 memor
1388 2431 1526 2476 esto,
1559 2444 1587 2472 ³>
1618 2422 1901 2497 Augustus
1936 2421 1991 2476 ei

253 2518 606 2595 epistolarum
656 2518 900 2575 officium
952 2517 1187 2589 obtulit,
1242 2531 1303 2575 ut
1350 2520 1457 2577 hoc
1506 2519 1576 2575 ad
1627 2522 1988 2579 Maecenatem

254 2620 459 2696 scripto
490 2619 761 2697 significat
792 2641 804 2676 :
835 2643 862 2672 «
887 2623 1057 2692 Ante,
1088 2621 1204 2697 ipse
1241 2620 1543 2676 scribendis
1579 2619 1824 2698 epistolis
1850 2622 1988 2679 ami-

255 2740 448 2775 corum
489 2718 824 2776 sufficiebam
859 2742 872 2777 :
913 2741 1060 2777 nunc
1098 2721 1588 2798 occupatissimuS,
1623 2733 1677 2777 et
1707 2721 1990 2792 infirmuS,

253 2820 542 2876 Horatium
574 2832 826 2889 nostrum
858 2841 888 2877 a
923 2832 975 2877 te
1002 2822 1168 2898 cupio
1202 2820 1490 2877 abducere.
1523 2822 1723 2879 Veniet
1755 2842 1888 2900 ergo
1918 2823 1989 2878 ab

253 2921 354 2976 ista
386 2921 675 2998 parasitica
708 2941 893 2977 mensa
922 2919 993 2977 ad
1021 2921 1165 2977 hanc
1194 2922 1427 2998 regiam,
1453 2933 1508 2978 et
1535 2942 1635 2978 nos
1665 2923 1722 2978 in
1749 2922 1990 2979 scriben-

253 3021 336 3076 dis
367 3020 612 3098 epistolis
639 3021 870 3098 juvabit.
898 3045 925 3074 »
959 3023 1037 3078 Ac
1068 3041 1137 3077 ne
1160 3023 1436 3078 recusanti
1471 3022 1695 3099 quidem
1726 3035 1824 3078 aut
1854 3044 1986 3079 suc-

253 3123 821 3199 censuit-quicquam,
865 3134 961 3179 aut
993 3123 1290 3179 amicitiam
1327 3143 1482 3179 suam
1520 3123 1772 3201 ingerere
1804 3122 1986 3180 desiit.

257 3223 483 3278 Exstant
526 3222 802 3300 epistolae,
840 3243 906 3280 ex
948 3223 1175 3301 quibus,
1214 3224 1523 3302 argumenti
1565 3226 1767 3303 gratia,
1813 3245 1986 3302 pauca
