2372 3918
790 230 1097 278 ocrAans
1121 230 1462 277 aucusrus.
1913 229 1975 292 59

269 334 530 411 scriptum
557 332 685 391 olim
713 334 781 390 ab
810 353 875 390 eo
903 345 1113 411 patrem
1140 331 1400 405 Paulum,
1429 346 1482 390 et
1509 336 1661 411 quasi
1693 336 1975 393 occasione

269 430 492 489 ultionis
517 432 722 505 oblata,
753 432 1059 489 interficere
1085 445 1313 491 conatus
1340 445 1434 489 est.
1466 436 1598 491 Post
1619 437 1863 514 Pompeii
1891 436 1976 493 fu-

268 553 417 609 gam,
448 532 777 610 collegarum
804 530 1036 590 alterum
1065 535 1142 590 M.
1182 534 1480 612 Lepidum,
1514 555 1678 612 quem
1706 555 1768 591 ex
1796 536 1977 592 Africa

270 635 323 688 in
341 633 603 690 auxilium
617 647 891 707 evocarat,
908 629 1312 712 superbientem
1329 636 1521 713 viginti
1540 635 1819 714 legionum
1838 636 1978 692 fidu-

266 734 374 806 cia,
393 753 741 811 summasque
759 735 860 791 sibi
881 746 1063 812 partes
1083 746 1292 792 terrore
1315 756 1379 793 ac
1399 736 1562 792 minis
1588 735 1947 793 vindicantem
1962 778 1976 805 ,

266 831 520 910 spoliavit
559 835 799 891 exercitu
840 856 854 892 ε
899 833 1341 914 supplicemque,
1379 857 1634 894 concessa
1672 838 1813 910 vita,
1852 837 1976 895 Cir-

265 934 407 990 ceios
433 935 491 990 in
516 946 840 1012 perpetuum
866 934 1143 1015 relegavit.

341 1037 520 1091 XVII.
566 1037 644 1091 M.
668 1037 895 1093 Antonii
916 1037 1228 1094 societatem
1251 1058 1465 1118 semper
1486 1038 1709 1095 dubiam
1734 1049 1787 1094 et
1809 1038 1978 1094 incer-

263 1148 400 1207 tam,
435 1136 1076 1215 reconciliationibusque
1105 1139 1267 1195 variis
1301 1138 1440 1196 male
1467 1138 1788 1209 focillatam‚
1822 1138 1981 1195 abru-

262 1237 343 1313 pit
365 1237 604 1294 tandem.
625 1241 694 1294 Et
713 1259 825 1315 quo
845 1240 1044 1316 magiS,
1067 1238 1419 1318 degenerasse
1439 1260 1564 1296 eum
1583 1260 1616 1296 a
1635 1238 1780 1296 civili
1801 1260 1979 1307 more,

261 1337 623 1413 approbaret,
670 1351 1095 1414 testamentum,
1144 1340 1293 1418 quod
1341 1341 1386 1397 is
1435 1344 1658 1413 Romae,
1698 1341 1862 1396 etiam
1884 1382 1888 1384 —
1913 1339 1980 1395 de

261 1438 557 1518 Cleopatra
590 1439 776 1497 liberis
810 1442 953 1497 inter
985 1441 1212 1498 heredes
1249 1442 1614 1519 nuncupatis,
1651 1439 1977 1517 reliquerat,

261 1540 621 1617 aperiendum
637 1541 1088 1619 recitandumque
1104 1563 1206 1619 pro
1222 1543 1487 1599 concione
1503 1542 1732 1599 curavit.
1748 1542 1977 1599 Remisit

263 1653 443 1696 tamen
484 1641 627 1696 hosti
662 1640 911 1717 judicato
947 1641 1371 1697 necessitudines
1408 1643 1719 1719 amicosque
1758 1663 1977 1713 omneS,

259 1752 423 1817 atque
444 1741 589 1796 inter
608 1739 744 1797 alios
767 1743 831 1799 C.
855 1741 1074 1798 Sosium
1095 1752 1149 1797 et
1169 1743 1270 1798 Cn.
1294 1741 1626 1813 Domitium,
1648 1753 1779 1796 tunc
1798 1740 1976 1797 adhuc

259 1840 523 1897 consules.
556 1842 992 1898 Bononiensibus
1024 1861 1243 1919 quoque
1271 1839 1513 1918 publice,
1541 1839 1692 1917 quod
1721 1840 1778 1896 in
1808 1844 1978 1898 Anto-

261 1942 477 1998 niorum
491 1941 738 1999 clientela
753 1943 1056 2019 antiquitus
1068 1954 1246 2015 erant,
1265 1942 1497 2020 gratiam
1511 1941 1637 1997 fecit
1651 1940 1971 2018 conjurandi

258 2064 383 2099 cum
415 2054 533 2099 tota
556 2041 715 2100 Italia
741 2063 842 2120 pro
870 2043 1118 2120 partibus
1147 2044 1274 2099 suis.
1306 2044 1422 2100 Nec
1449 2040 1624 2098 multo
1649 2054 1774 2119 post
1797 2039 1974 2097 navali

259 2142 452 2220 proelio
493 2143 641 2221 apud
674 2132 896 2200 Actium
930 2144 1092 2216 vicit,
1138 2144 1195 2199 in
1235 2164 1417 2200 serum
1460 2142 1810 2198 dimicatione
1845 2162 1975 2219 pro-

260 2256 456 2315 tracta,
489 2256 550 2300 ut
585 2245 641 2299 in
675 2245 801 2299 navi
834 2247 1010 2300 victor
1040 2244 1460 2322 pernoctaverit.
1494 2244 1580 2300 Ab
1612 2243 1773 2300 Actio
1805 2263 1975 2319 quum

260 2347 486 2401 Samum
514 2345 571 2399 in
602 2344 831 2401 hiberna
862 2365 917 2400 se
945 2344 1260 2420 recepisset,
1291 2343 1540 2401 turbatus
1570 2342 1777 2398 nuntiis
1805 2341 1871 2397 de
1896 2362 1976 2398 se-

260 2445 470 2501 ditione
493 2443 759 2515 militum,
784 2446 1004 2522 praemia
1030 2457 1083 2500 et
1108 2445 1419 2500 missionem
1445 2444 1812 2520 poscentium,
1838 2462 1975 2518 quos

259 2567 325 2601 ex
351 2546 503 2602 omni
534 2565 763 2601 numero
773 2587 789 2616 ,
818 2544 1063 2602 confecta
1090 2545 1345 2616 victoria,
1373 2542 1727 2600 Brundisium
1754 2541 1973 2620 praemi·

259 2656 423 2717 serat,
439 2647 639 2722 repetit
658 2644 896 2718 Italiam,
913 2657 1233 2723 tempestate
1252 2645 1310 2701 in
1335 2644 1570 2721 trajectu
1590 2643 1674 2698 bis
1695 2642 1976 2698 conflicta-

262 2756 349 2800 tus
372 2766 384 2800 :
406 2747 584 2821 primo
606 2746 747 2802 inter
771 2746 1144 2821 promontoria
1167 2744 1529 2823 Peloponnesi
1549 2756 1716 2821 atque
1736 2742 1973 2814 AEtoliae,

263 2864 448 2901 rursus
468 2846 611 2901 circa
635 2857 850 2900 montes
872 2846 1196 2914 CerauniOS,
1221 2846 1512 2922 utrobique
1535 2858 1690 2923 parte
1716 2845 1975 2900 Liburni-

261 2965 447 3000 carum
485 2944 750 3016 demersa,
784 2943 1054 3022 simulque
1086 2945 1228 3021 ejuS,
1258 2945 1314 3002 in
1342 2965 1450 3021 qua
1480 2945 1806 3014 vehebatur,
1838 2944 1974 3001 fusis

262 3046 609 3101 armamentis
637 3056 691 3100 et
729 3044 1096 3123 gubernaculo
1124 3044 1392 3101 diffracto.
1415 3046 1528 3102 Nec
1553 3042 1787 3122 amplius
1810 3064 1973 3119 quam

264 3157 468 3222 septem
495 3157 548 3200 et
575 3146 767 3222 viginti
804 3145 939 3214 dies,
976 3144 1148 3202 donec
1185 3144 1450 3201 desideria
1481 3143 1717 3200 militum
1752 3143 1965 3200 ordina-

265 3259 484 3320 rentur,
517 3248 790 3303 Brundisii
827 3262 1222 3319 commoratuS,
1258 3251 1393 3307 Asiae
1430 3250 1705 3326 Syriaeque
1739 3249 1969 3304 circuitu
