2372 3918
937 229 1410 250 mmm

811 417 1536 506 VITELLIUS.

1063 652 1287 670 *-

313 832 358 886 1.
374 779 823 889 Vlrnnmontm
865 825 1137 906 originem
1177 825 1271 883 alii
1298 824 1489 900 aliam,
1522 837 1577 883 et
1610 822 1835 903 quidem
1862 822 2047 878 diver-

312 930 611 1002 sissimam,
642 927 875 986 tradunt
905 949 919 984 ε
952 928 1160 1006 partim
1191 940 1433 985 veterem
1464 939 1520 984 et
1550 924 1818 996 nobilem,
1846 924 2047 1002 partim

311 1050 443 1087 vero
479 1049 683 1089 novam
706 1039 761 1085 et
785 1028 1104 1102 obscuram,
1146 1040 1315 1106 atque
1345 1029 1509 1085 etiam
1537 1024 1818 1084 sordidam
1851 1046 1863 1080 :
1899 1022 2048 1101 quod

311 1150 416 1209 ego
443 1150 545 1208 per
571 1128 885 1188 adulatores
922 1130 1431 1208 obtrectatoresque
1461 1128 1811 1208 imperatoris
1835 1123 2049 1184 Vitellii

312 1232 560 1288 evenisse
591 1232 873 1309 opinarer,
909 1232 1015 1288 nisi
1045 1229 1332 1309 aliquanto
1368 1231 1522 1309 prius
1557 1229 1627 1286 de
1657 1226 1878 1285 familiae
1912 1247 2050 1284 con-

312 1332 523 1390 ditione
562 1333 838 1391 variatum
869 1345 1029 1392 esset.
1057 1335 1255 1391 Exstat
1294 1335 1368 1407 Q.
1395 1332 1617 1411 Eulogii
1658 1331 1728 1388 ad
1769 1331 1843 1404 Q.
1871 1327 2049 1386 Vitel-

309 1433 479 1508 lium,
503 1433 618 1491 divi
644 1436 882 1514 Augusti
906 1448 1240 1513 quaestorem
1259 1479 1274 1507 ,
1298 1433 1515 1491 libellus
1530 1478 1547 1506 ,
1577 1454 1690 1512 quo
1712 1433 2050 1503 continetur,

311 1533 569 1594 Vitellios
616 1538 844 1609 Fauno,
896 1537 1266 1615 Aboriginum
1315 1557 1476 1615 rege,
1525 1548 1583 1592 et
1622 1532 1873 1606 Vitellia,
1930 1552 2052 1610 quae

309 1634 500 1693 multis
545 1635 681 1694 locis
725 1658 831 1716 pro
882 1638 1107 1694 numine
1156 1636 1451 1708 coleretur,
1499 1649 1689 1705 ortOS,
1729 1646 1849 1691 toto
1887 1635 2050 1691 Latio

308 1738 608 1815 imperasse
642 1759 655 1795 :
689 1738 893 1795 horum
932 1738 1211 1795 residuam
1248 1738 1476 1816 stirpem
1510 1758 1577 1794 ex
1608 1736 1828 1794 Sabinis
1862 1747 2045 1791 trans-

308 1839 413 1895 isse
456 1841 725 1912 Romam,
774 1851 943 1917 atque
994 1841 1139 1896 inter
1180 1840 1443 1917 patricios
1485 1837 1741 1895 allectam
1782 1859 1794 1893 :
1843 1835 2047 1894 indicia

308 1940 494 2018 stirpis
536 1941 803 1999 mansisse
851 1941 977 2015 diu,
1029 1943 1176 1998 viam
1223 1941 1507 1999 Vitelliam
1558 1941 1627 1997 ab
1681 1938 1937 1997 Janiculo
1982 1939 2053 1997 ad

307 2063 459 2100 mare
504 2063 714 2121 usque3
756 2043 889 2100 item
939 2042 1218 2101 coloniam
1264 2043 1512 2121 ejusdem
1565 2043 1836 2116 nominiS,
1885 2062 2050 2120 quam

307 2141 501 2221 gentili
534 2145 691 2222 copia
733 2143 997 2202 adversus
1031 2143 1353 2222 AEquiculos
1387 2144 1679 2201 tutandam
1715 2142 1845 2201 olim
1878 2143 2051 2221 depo-

306 2244 615 2323 poscissent
651 2266 664 2301 :
699 2256 949 2323 tempore
987 2245 1188 2303 deinde
1217 2246 1494 2304 samnitici
1520 2244 1679 2319 belli,
1705 2244 1961 2323 praesidio
1995 2246 2052 2301 in

306 2344 570 2425 Apuliam
602 2346 771 2403 misso
796 2389 811 2420 ,
857 2346 1129 2424 quosdam
1165 2368 1232 2403 ex
1263 2345 1504 2404 Vitelliis
1529 2345 1844 2403 subsedisse
1873 2348 2056 2404 Nuce-

308 2450 434 2521 riae3
484 2467 789 2526 eorumque
823 2449 1146 2527 progeniem
1190 2443 1360 2527 longo
1406 2459 1533 2525 post
1560 2444 1858 2504 intervallo
1889 2467 2051 2525 repe-

307 2553 438 2608 tisse
466 2551 677 2609 Urbem
706 2563 873 2629 atque
902 2550 1156 2607 ordinem
1185 2550 1541 2608 senatorium.

390 2654 463 2709 II.
494 2654 708 2710 Contra
734 2650 922 2730 plures
945 2664 1230 2709 auctorem
1262 2652 1479 2731 generis
1509 2649 1835 2708 libertinum
1867 2650 2054 2729 prodi·

309 2753 528 2810 derunt.
549 2753 772 2811 Cassius
803 2755 1063 2823 SeveruS‚
1088 2773 1192 2809 nec
1224 2754 1409 2810 minus
1438 2751 1565 2827 alii,
1593 2752 1849 2810 eumdem
1876 2764 1931 2810 et
1955 2774 2051 2809 su-

310 2868 487 2912 torem
544 2854 1065 2912 veteramentarium
1107 2876 1119 2910 :
1159 2854 1318 2932 cujus
1367 2852 1550 2927 filius,
1603 2854 1940 2911 sectionibus
1997 2866 2054 2911 et

311 2956 617 3035 cognituris
648 2956 871 3017 uberius
900 2954 1293 3034 compendium
1322 2967 1542 3029 nactuS,
1576 2976 1643 3013 ex
1674 2954 1909 3012 muliere
1933 2954 2058 3012 vul-

311 3060 459 3137 gari,
518 3058 780 3116 Antiochi
847 3057 1136 3136 cujusdam
1187 3057 1493 3116 furnariam
1553 3060 1859 3115 exercentis
1907 3056 2055 3130 filia,

311 3161 553 3237 equitem
587 3180 881 3217 romanum
914 3161 1187 3239 genuerit.
1230 3159 1340 3218 Sed
1374 3159 1525 3238 quod
1560 3159 1861 3239 discrepat,
1891 3160 1964 3217 sit
1993 3160 2050 3216 in

313 3259 512 3318 medio.
552 3264 812 3319 Ceterum
859 3264 919 3319 P.
947 3260 1239 3337 Vitellius,
1278 3262 1445 3319 domo
1480 3263 1761 3335 Nuceria,
1808 3262 1923 3319 sive
1955 3260 2049 3318 ille
