2372 3918
338 269 356 297 1
367 268 392 298 2
401 268 425 296 2
1006 252 1055 296 C.
1086 253 1374 298 SUETONII

332 357 671 429 venientem,
706 377 1006 433 rursusque
1042 339 1349 435 gravidam,
1379 356 1680 425 dimittere,
1715 375 1778 411 ac
1812 354 2009 411 Juliam
2029 398 2044 425 ,

331 457 566 535 Augusti
593 456 784 531 filiam,
817 456 1102 513 confestim
1137 470 1356 515 coactus
1379 448 1475 514 'est
1511 456 1709 513 ducere
1742 477 1755 512 :
1791 476 1903 512 non
1933 457 2047 512 sine

332 578 530 636 magno
559 579 762 636 angore
794 559 992 632 animi,
1024 577 1196 634 quum
1226 570 1282 617 et
1307 558 1620 637 Agrippinae
1658 555 2048 614 consuetudine

331 672 638 733 teneretur,
669 672 723 716 et
750 663 780 716 J
784 659 906 716 uliae
935 681 1113 717 mores
1138 660 1496 738 improbaret;
1521 672 1583 717 ut
1606 680 1772 736 quam
1798 658 2050 714 sensisset

332 762 416 817 sui
459 780 675 837 quoque
711 761 813 817 sub
851 761 1035 838 priore
1072 761 1270 818 marito
1309 772 1684 839 appetentem,
1729 757 1879 835 quod
1921 777 2050 814 sane

329 861 493 916 etiam
524 859 692 938 vulgo
721 861 1146 918 existimabatur.
1187 861 1294 918 Sed
1325 861 1687 939 Agrippinam
1720 872 1776 917 et
1809 859 2074 937 abegisse⁴

329 974 453 1038 post
496 960 796 1019 divortium
827 961 1034 1036 doluit;
1072 974 1128 1019 et
1157 961 1320 1019 semel
1355 964 1579 1020 omnino
1611 983 1678 1019 ex
1707 982 1938 1019 occursu
1968 959 2050 1015 vi-

330 1083 444 1118 sam
473 1062 608 1119 adeo
638 1064 908 1120 contentis
936 1076 990 1120 et
1018 1056 1356 1121 tumentibus
1389 1062 1559 1121 oculis
1588 1075 1909 1141 prosecutus
1942 1073 2049 1133 est,

331 1175 393 1218 ut
420 1162 758 1219 custoditum
788 1164 890 1237 sit,
926 1185 994 1220 ne
1026 1186 1271 1242 unquam
1301 1166 1358 1221 in
1388 1177 1745 1243 conspectum
1769 1164 1885 1241 ejus
1906 1174 2052 1240 post-

330 1265 431 1319 hac
483 1265 708 1321 veniret.
756 1267 900 1322 Cum
949 1269 980 1322 J
984 1265 1094 1322 ulia
1141 1267 1319 1343 primo
1371 1266 1718 1331 concorditer
1762 1275 1816 1320 et
1867 1283 2051 1320 amore

330 1378 525 1422 mutuo
575 1367 710 1422 vixit
749 1388 761 1422 ε
804 1387 932 1424 mox
975 1367 1230 1439 dissedit,
1278 1380 1334 1424 et
1376 1366 1656 1443 aliquanto
1705 1366 1955 1442 gravius,
1992 1377 2054 1420 ut

328 1467 494 1522 etiam
523 1479 790 1545 perpetuo
825 1468 1138 1538 secubaret,
1166 1469 1469 1545 intercepto
1499 1466 1805 1523 communis
1839 1464 1937 1521 filii
1969 1466 2053 1542 pi-

330 1589 501 1644 gnore
517 1611 531 1640 ,
564 1569 660 1646 qui
682 1568 941 1645 Aquileiae
969 1582 1128 1625 natus
1156 1568 1334 1625 infans
1361 1568 1660 1625 exstinctus
1683 1579 1782 1623 est.
1805 1569 2053 1623 Drusum

329 1668 552 1724 fratrem
586 1671 644 1725 in
679 1670 978 1726 Germania·
1004 1671 1216 1741 amisit,
1246 1670 1404 1746 cujus
1425 1690 1658 1746 corPUS,
1682 1667 1912 1745 pedibus
1933 1678 2052 1723 toto

329 1770 525 1824 itinere
556 1770 951 1846 praegrediens,
983 1774 1216 1826 Romam
1242 1781 1416 1847 usque
1437 1769 1698 1847 pervexit.

410 1871 562 1932 VIII.
608 1870 866 1927 Civilium
903 1871 1213 1927 officiorum
1255 1870 1579 1927 rudimentis
1626 1889 1808 1947 regem
1842 1870 2052 1928 Arche-

330 1970 504 2041 laum,
530 1969 859 2044 TrallianOS,
883 1984 939 2027 et
966 1971 1284 2043 Thessalos,
1317 1972 1466 2027 varia
1489 1991 1737 2048 quosque
1764 1970 1832 2026 de
1857 1990 2051 2041 causa,

327 2073 577 2147 Augusto
609 2083 1000 2148 cognoscente,
1033 2071 1292 2128 defendit.
1322 2074 1430 2128 Pro
1459 2071 1807 2141 LaodiceniS,
1831 2070 2050 2147 Thyati÷

327 2173 504 2244 reniS,
537 2173 719 2245 Chiis,
755 2185 913 2229 terrae
945 2186 1101 2230 motu
1129 2172 1372 2246 afflictis,
1407 2193 1675 2250 opemque
1701 2171 2047 2250 imploranti-

328 2273 456 2345 bus,
495 2284 744 2329 senatum
784 2274 1105 2351 deprecatus
1137 2287 1234 2330 est.
1270 2274 1542 2331 Fannium
1575 2274 1917 2350 Caepionem,
1956 2273 2051 2347 qui

329 2395 454 2429 cum
477 2376 729 2431 Varrone
762 2377 1000 2431 Murena
1021 2375 1078 2431 in
1098 2376 1412 2453 Augustum
1437 2374 1871 2451 conspiraverat,
1894 2392 2049 2426 reum

328 2476 622 2551 majestatis
653 2476 802 2552 apud
827 2474 1039 2552 judices
1073 2475 1227 2546 fecit,
1263 2487 1318 2530 et
1351 2473 1751 2530 condemnavit.
1790 2474 2051 2548 Interque

326 2575 438 2630 haec
467 2575 740 2652 duplicem
771 2595 960 2631 curam
989 2574 1417 2645 administravit,
1445 2594 1706 2645 annonae,
1732 2592 1853 2649 quae
1879 2573 2051 2645 artior

329 2677 620 2746 inciderat,
665 2689 720 2732 et
757 2676 1234 2754 repurgandorum
1267 2688 1385 2731 tota
1415 2674 1576 2731 Italia
1607 2672 2011 2752 ergastulorum
2030 2717 2047 2746 ,

328 2797 564 2853 quorum
612 2776 820 2832 domini
863 2778 945 2837 in,
965 2773 1228 2832 invidiam
1264 2787 1528 2833 venerant
1545 2786 1565 2846 ,³
1601 2775 1759 2852 quasi
1795 2786 2049 2852 exceptos

330 2877 766 2953 supprimerent,
808 2879 920 2932 non
963 2875 1141 2933 solum
1186 2877 1422 2933 viatores
1442 2919 1458 2949 ,
1489 2875 1583 2932 sed
1617 2889 1672 2932 et
1701 2897 1840 2953 quos
1867 2894 2050 2931 sacra-

330 2978 497 3033 menti
522 2989 697 3033 metus
729 2977 797 3033 ad
826 2977 1142 3054 hujusmodi
1168 2976 1400 3033 latebras
1431 2975 1799 3053 compulisset.
2094 3050 2097 3053 ἢ

410 3082 504 3135 ΙΧ.
540 3078 822 3156 Stipendia
853 3079 1031 3156 prima
1061 3077 1403 3154 expeditione
1435 3078 1763 3134 Cantabrica
1797 3076 2049 3131 tribunus

334 3179 571 3235 militum
615 3180 744 3235 fecit
777 3201 789 3234 z
832 3179 988 3250 dein,
1023 3178 1193 3233 ducto
1231 3177 1301 3233 ad
1343 3179 1628 3234 Orientem
1658 3177 1926 3247 exercitu,
1957 3197 2046 3231 re-

336 3300 505 3354 gnum
543 3281 808 3336 Armeniae
837 3279 1060 3356 Tigrani
1095 3278 1363 3348 restituit,
1400 3299 1462 3334 ac
1497 3299 1600 3354 pro
1636 3275 1896 3332 tribunali
1931 3277 2045 3332 dia-
