2372 3918
440 286 2123 315 mmmmmmmmmmmmmmmmmmmwnmkm

937 587 1598 675 CALIGULA.

409 1214 454 1267 I.
500 1164 965 1286 Gli-munnam,
1004 1215 1066 1269 C.
1107 1213 1333 1269 Caesaris
1369 1225 1552 1290 pater,
1589 1212 1758 1299 Drusi
1798 1226 1852 1269 et
1894 1215 2122 1271 minoris

412 1312 668 1368 Antoniae
698 1312 874 1380 filius,
904 1332 936 1368 a
959 1312 1180 1368 Tiberio
1211 1324 1407 1389 patruo
1435 1312 1760 1388 adoptatuS,
1792 1326 2120 1388 quaesturam

411 1412 794 1488 quinquennio
824 1423 950 1469 ante
968 1455 983 1484 ,
1017 1431 1183 1487 quam
1215 1432 1316 1488 per
1345 1410 1492 1489 leges
1519 1410 1740 1483 liceret,
1766 1424 1821 1468 et
1852 1425 1977 1489 post
2004 1434 2124 1468 eam

411 1510 759 1568 consulatum
802 1511 987 1567 statim
1028 1511 1189 1589 gessit
1221 1532 1234 1566 t
1269 1511 1574 1587 missusque
1617 1510 1688 1566 ad
1726 1512 2026 1568 exercitum
2066 1513 2123 1567 in

410 1611 793 1681 Germaniam,
816 1631 1039 1667 excessu
1067 1613 1301 1693 Augusti
1326 1611 1611 1683 nunciam,
1634 1609 1872 1688 legiones
1900 1613 2123 1667 univer-

409 1732 524 1783 saS‚
559 1695 944 1789 imperatorem
984 1710 1263 1767 Tiberium
1303 1710 1733 1787 pertinacissime
1772 1723 2086 1768 recusantes
2108 1756 2124 1780 ‚

410 1825 465 1868 et
504 1813 606 1868 sibi
643 1833 915 1869 summam
946 1810 1259 1889 reipublicae
1290 1809 1625 1882 deferente5‚
1662 1812 1960 1883 incertum,
1993 1833 2124 1867 con-

409 1913 612 1968 stantia
658 1933 728 1968 an
769 1913 970 1990 pietate
1014 1912 1254 1988 majore,
1300 1912 1674 1988 compescuit3
1722 1910 1922 1987 atque,
1967 1912 2125 1968 hoste

408 2032 536 2068 mox
563 2011 810 2082 devicto,
840 2011 1219 2089 triumphavit.
1258 2009 1469 2067 Consul
1501 2010 1698 2066 deinde
1734 2011 1934 2067 iterum
1971 2032 2123 2067 crea-

407 2123 495 2167 tus
515 2154 530 2184 ‚
567 2133 630 2168 ac
661 2107 814 2189 prius
846 2132 1010 2188 quam
1042 2112 1309 2167 honorem
1342 2111 1539 2180 iniret,
1576 2111 1646 2167 ad
1680 2111 2123 2188 componendum

408 2212 653 2267 Orientis
689 2223 890 2267 statum
921 2209 1178 2287 expulsus
1198 2254 1212 2282 ,
1248 2231 1419 2287 quum
1449 2211 1722 2267 Armeniae
1756 2222 1941 2288 regem
1971 2211 2124 2267 devi-

406 2312 598 2383 cisset,
636 2310 1043 2388 Cappadociam
1082 2311 1138 2366 in
1182 2311 1479 2389 provinciae
1518 2309 1754 2366 formam
1795 2309 2123 2386 redegisset,

408 2432 615 2467 annum
669 2411 839 2468 aetatis
887 2431 1054 2489 agens
1110 2418 1368 2487 quartum
1418 2423 1473 2466 et
1523 2411 1857 2466 tricesimum
1913 2409 2126 2465 diutino

406 2511 601 2566 morbo
647 2511 952 2567 Antiochiae
997 2510 1165 2580 obiit,
1214 2530 1327 2564 non
1374 2510 1491 2564 sine
1542 2509 1743 2564 veneni
1800 2509 2123 2585 suspicione.

408 2611 552 2666 Nam
582 2622 776 2685 praeter
800 2608 1026 2680 livoreS‚
1050 2610 1145 2684 qui
1174 2620 1290 2664 toto
1320 2629 1552 2684 corpore
1580 2619 1762 2681 erant,
1793 2620 1848 2663 et
1876 2628 2125 2684 spumam,

409 2729 529 2784 quae
559 2729 656 2784 per
687 2728 747 2762 os
776 2707 1051 2780 fluebant,
1082 2708 1309 2763 cremati
1340 2728 1560 2784 quoque
1590 2728 1685 2763 cor
1716 2708 1857 2763 inter
1889 2728 2010 2763 ossa
2042 2708 2126 2761 in-

410 2820 734 2884 corruptum
770 2820 1047 2884 repertum
1080 2819 1162 2863 est
1191 2828 1203 2862 :
1236 2807 1392 2880 cujus
1426 2828 1489 2863 ea
1528 2814 1726 2879 natura
1757 2808 2124 2878 existimatur,

409 2919 471 2963 ut
502 2909 731 2963 tinctum
768 2927 998 2977 veneno*
1020 2906 1147 2984 igne
1181 2907 1376 2963 confici
1412 2918 1665 2983 nequeat.

486 3010 559 3063 II.
597 3006 753 3061 Obiit
782 3018 995 3078 autem,
1024 3018 1086 3061 ut
1116 3007 1305 3082 opinio
1331 3006 1464 3077 fuit,
1489 3005 1681 3061 fraude
1703 3006 1933 3074 Tiberii,
1963 3004 2125 3059 mini-

409 3105 573 3160 sterio
601 3117 656 3160 et
685 3125 852 3182 opera
876 3108 977 3162 Cn.
1009 3104 1223 3171 Pisonis
1250 3125 1261 3158 z
1289 3105 1384 3179 qui
1414 3105 1515 3159 sub
1545 3104 1688 3160 idem
1723 3117 1935 3180 tempus
1958 3103 2124 3179 Syriae

413 3205 740 3281 praepositus
761 3247 775 3272 ,
803 3225 903 3260 nec
937 3202 1312 3274 dissimulanS‚
1343 3203 1733 3259 offendendum
1767 3203 1868 3259 sibi
1899 3214 1993 3257 aut
2027 3222 2125 3278 pa-

411 3315 581 3373 trem,
618 3316 712 3358 aut
751 3302 959 3374 filium,
997 3303 1149 3378 quasi
1184 3301 1346 3378 plane
1383 3304 1456 3358 ita
1495 3323 1714 3358 necesse
1753 3314 1922 3370 esset,
1961 3302 2123 3357 etiam
