2372 3918
963 289 1271 334 ·rmnnms.
1862 285 1947 344 157

241 410 363 467 quae
376 388 581 465 justam
599 390 899 448 excederet.
929 391 1101 448 Latus
1132 391 1202 447 ab
1218 390 1465 447 humeris
1489 402 1545 446 et
1569 403 1788 466 pectore
1818 412 1831 447 ε
1860 412 1950 447 ce-

241 492 371 547 teris
404 511 623 569 quoque
650 490 907 549 membris
939 510 1111 568 usque
1147 490 1218 546 ad
1256 491 1394 548 imos
1435 488 1597 567 pedes
1642 490 1863 566 aequalis
1902 503 1957 547 et

241 610 579 669 congruens:
604 583 823 647 sinistra
851 610 1021 647 manu
1053 590 1278 668 agiliore
1307 611 1371 647 ac
1398 588 1694 646 validiore:
1714 589 1957 647 articulis

241 689 316 745 ita
342 688 536 762 firmis,
571 700 635 746 ut
666 710 855 747 recens
879 702 936 747 et
961 691 1242 769 integrum
1274 687 1484 747 malum
1515 689 1687 767 digito
1716 690 1957 745 terebra-

241 800 357 860 ret;
390 801 555 867 caput
585 790 775 867 pueri,
800 789 888 848 vel
924 792 1090 847 etiam
1122 789 1513 862 adolescentis,
1554 787 1738 845 talitro
1766 786 1957 844 vulne-

240 900 400 945 raret.
431 887 632 946 Colore
651 902 770 946 erat
794 890 1058 964 candido,
1083 889 1282 969 capillo
1301 911 1445 968 pone
1471 888 1790 966 occipitium
1809 909 1958 944 sum-

239 988 511 1060 missiore,
546 1001 610 1045 ut
640 991 907 1047 cervicem
939 992 1102 1047 etiam
1131 991 1447 1068 obtegeret,
1472 974 1632 1066 ¹quod
1667 987 1869 1066 gentile
1902 988 1959 1044 in

240 1085 335 1143 illo
365 1087 655 1146 videbatur
686 1113 699 1146 :
736 1090 871 1148 facie
905 1090 1136 1148 honesta
1165 1113 1178 1148 :
1210 1092 1267 1148 in
1312 1110 1423 1168 qua
1464 1101 1648 1146 tamen
1690 1089 1866 1146 crebri
1906 1101 1961 1144 et

239 1187 407 1245 subiti
436 1201 705 1261 tumoreS,
736 1211 863 1248 cum
894 1191 1308 1270 praegrandibus
1340 1189 1540 1263 oculiS‚
1576 1202 1633 1246 et
1662 1190 1781 1266 qui,
1811 1188 1963 1266 quod

239 1288 441 1345 mirum
466 1303 631 1363 esset,
657 1304 828 1348 noctu
855 1293 1019 1348 etiam
1049 1304 1104 1349 et
1124 1293 1182 1348 in
1202 1291 1441 1349 tenebris
1470 1290 1742 1362 viderent,
1773 1289 1867 1345 sed
1892 1288 1963 1345 ad

241 1387 430 1461 breve,
455 1402 511 1446 et
530 1411 703 1467 quum
732 1392 973 1469 primum
991 1413 1020 1449 a
1043 1413 1237 1449 somno
1259 1394 1590 1470 patuissent;
1623 1389 1822 1446 deinde
1839 1410 1962 1446 rur-

241 1507 366 1543 sum
409 1489 790 1548 hebescebant.
825 1492 1120 1549 Incedebat
1157 1493 1366 1549 cervice
1403 1490 1580 1569 rigida
1620 1502 1674 1546 et
1712 1490 1962 1566 obstipa:

241 1588 479 1647 adducto
510 1590 621 1648 fere
649 1591 835 1664 vultu,
867 1592 1192 1670 plerumque
1219 1593 1419 1649 tacitus
1448 1613 1461 1647 :
1485 1589 1641 1648 nullo
1671 1603 1770 1648 aut
1797 1590 1965 1647 raris-

240 1688 380 1744 simo
423 1691 590 1747 etiam
628 1712 757 1748 cum
792 1693 1058 1770 proximis
1088 1712 1372 1765 sermone,
1409 1712 1584 1768 eoque
1626 1672 1962 1761 tardissimo,

242 1807 345 1843 nec
391 1789 509 1846 sine
547 1789 702 1847 molli
737 1791 977 1868 quadam
1017 1791 1319 1870 digitorum
1353 1788 1788 1870 gesticulatione.
1824 1791 1965 1863 Quae

240 1887 425 1944 omnia
451 1889 698 1968 ingrata,
726 1903 894 1970 atque
913 1892 1243 1970 arrogantia}
1265 1888 1456 1970 plena,
1486 1901 1544 1947 et
1573 1888 1966 1947 animadvertit

240 1988 522 2066 Augustus
553 1991 610 2047 in
637 2011 704 2048 eo
719 2035 734 2066 ,
756 2004 813 2049 et
838 2011 1101 2049 excusare
1123 1992 1354 2051 tentavit
1375 2011 1516 2070 saepe
1534 1990 1683 2069 apud
1714 2001 1965 2047 senatum

241 2107 306 2143 ac
330 2088 625 2166 populum,
650 2091 954 2169 professuS‚
979 2117 1007 2147 c<
1026 2103 1238 2150 naturae
1263 2092 1399 2150 vitia
1419 2111 1560 2165 esse,
1590 2111 1705 2148 non
1731 2090 1920 2149 animi.
1938 2114 1964 2142 >³

241 2186 573 2247 Valetudine
602 2193 973 2270 prosperrima
1001 2213 1132 2250 usus
1156 2205 1263 2266 est,
1291 2205 1540 2270 tempore
1561 2191 1787 2269 quidem
1815 2192 1968 2268 prin-

239 2286 453 2364 cipatus
481 2311 634 2368 paene
660 2303 778 2349 toto
798 2312 972 2370 prope
989 2290 1186 2362 illaesa3
1213 2292 1464 2370 quamvis
1482 2312 1515 2348 a
1540 2292 1819 2348 tricesimo
1842 2303 1969 2347 aeta-

239 2387 310 2443 tis
334 2408 481 2445 anno
507 2390 778 2448 arbitratu
804 2413 924 2449 eam
949 2412 1051 2458 suo
1078 2393 1313 2466 rexerit,
1344 2393 1462 2450 sine
1489 2390 1810 2470 adjumento
1837 2412 1968 2448 con-

232 2485 427 2545 siliove
457 2491 816 2548 medicorum.

320 2589 520 2644 LXIX.
564 2591 727 2647 Circa
757 2591 886 2650 deos
920 2613 984 2650 ac
1015 2592 1308 2673 religiones
1338 2592 1734 2672 negligentior3
1762 2592 1967 2670 quippe

240 2686 490 2744 addictus
526 2690 956 2764 mathematicae,
992 2692 1298 2771 plenusque
1330 2694 1728 2772 persuasioni5‚
1767 2704 1967 2749 cuncta

239 2786 353 2843 fato
389 2788 493 2866 agi.
527 2791 796 2847 Tonitrua
831 2804 1015 2849 tamen
1049 2806 1247 2871 praeter
1284 2794 1513 2852 modum
1546 2793 1965 2872 expavescebat:

240 2898 295 2943 et
328 2888 631 2945 turbatiore
662 2888 799 2947 coelo
829 2913 1114 2969 nunquam
1148 2915 1261 2951 non
1296 2914 1561 2963 eoronam
1596 2893 1840 2951 lauream
1877 2913 1967 2949 ca·

240 2988 352 3063 pite
403 2990 670 3067 gestavit,
726 2991 875 3068 quod
925 2992 1154 3050 fulmine
1198 2993 1372 3051 afflari
1418 3006 1651 3072 negetur
1693 2992 1750 3051 id
1795 3014 1967 3072 genus

231 3085 465 3144 frondis,

322 3189 496 3243 LXX.
541 3190 700 3246 Artes
726 3189 978 3249 liberales
1010 3196 1298 3270 utriusque
1330 3194 1542 3272 generis
1576 3192 1967 3250 studiosissime

243 3283 429 3343 coluit.
459 3290 524 3343 In
571 3291 817 3348 oratione
849 3290 1020 3350 latina
1058 3306 1277 3350 secutus
1313 3305 1394 3350 est
1424 3295 1728 3351 Corvinum
1760 3295 1967 3350 Messa-
