2404 3984
597 328 682 375 DE
715 326 1017 375 SUETONII
1052 326 1204 374 vl'rA
1237 328 1317 373 ET
1349 327 1637 376 SCRIPTIS.
1936 330 1986 390 iij
2015 380 2019 386 ,

251 434 516 514 ,quoniam
550 432 764 492 assidua
800 453 970 490 manu
1001 444 1362 490 versaverunt
1391 433 1675 506 Tacitum,
1706 436 1829 513 qui,
1858 433 1987 492 licet

254 539 406 594 intra
447 533 824 614 quorumdam
861 534 1037 591 vitam
1045 534 1268 608 finitus
1284 577 1302 603 ,
1336 545 1392 591 et
1433 546 1706 615 tanquam
1745 557 1784 592 a
1819 557 1987 595 scena

256 636 532 706 remotior,
543 635 715 715 plura
727 654 898 714 poene
917 634 1187 715 praecipit
1204 654 1378 712 quam
1405 646 1623 705 narrat,
1647 656 1984 694 arcanorum

255 738 602 796 consilaebrum
635 735 890 793 curiosus
918 733 1229 813 indagator
1253 746 1311 792 et
1332 733 1589 813 sagax*,
1614 736 1989 814 torrentisque

259 840 433 899 instar
457 836 688 897 lectores
721 837 927 894 crebris
959 836 1418 914 vibrantibusque
1440 837 1727 894 sententiis
1759 836 1990 915 abripit,

257 939 585 998 Suetonium
632 937 798 996 dente
842 935 1087 1016 maligno
1137 949 1492 1016 carpserunt,
1554 937 1680 995 ideo
1725 936 1880 1014 quod
1932 938 1989 994 in

257 1060 424 1118 opere
488 1060 590 1096 suo
652 1051 901 1117 tempora
942 1050 1070 1099 *tam
1131 1038 1298 1095 variis
1363 1038 1580 1095 vicibus
1629 1038 1994 1095 memoranda

257 1139 602 1219 complexm,
630 1140 957 1218 paucissima
987 1138 1055 1196 de
1086 1160 1145 1196 re
1179 1137 1403 1218 publica
1429 1139 1523 1196 vix
1544 1139 1820 1217 attigerit,
1847 1151 1997 1196 totus

256 1241 414 1318 quasi
447 1243 506 1298 in
536 1241 931 1298 minutioribus
962 1261 1131 1318 quam
1163 1239 1580 1319 diligentissime
1611 1239 1995 1322 congerendis.

336 1344 555 1399 Horum
580 1342 644 1398 in
662 1342 989 1398 sententiam
1012 1339 1246 1419 pedibus
1262 1340 1508 1398 eundum
1535 1341 1674 1398 mihi
1695 1341 1997 1413 videretur,

261 1444 448 1500 sicum
478 1442 643 1500 Livio
674 1455 771 1500 aut
794 1444 986 1498 Tacito
1011 1441 1279 1519 congredi
1308 1442 1607 1499 Suetonius
1630 1442 1917 1499 habuisset
1939 1442 1998 1497 in

260 1543 466 1600 animo.
496 1543 847 1600 Provinciam
870 1563 1001 1600 vero
1028 1544 1213 1600 minus
1236 1542 1469 1599 arduam
1497 1544 1770 1600 sustinere
1804 1541 1999 1600 voluit.

263 1645 393 1701 Non
438 1644 496 1698 in
530 1642 824 1720 magnifico
863 1655 1129 1718 tauquam
1177 1642 1421 1698 historiae
1462 1643 1679 1699 theatro
1709 1642 2003 1720 loquentes

262 1754 556 1821 agentesve
592 1745 836 1800 Caesares
875 1742 1136 1815 exhibet3
1180 1753 1237 1798 at
1267 1743 1414 1798 intra
1459 1740 1794 1800 domesticos
1822 1736 2006 1821 parie-

266 1858 348 1902 tes
372 1865 474 1902 nos
495 1843 676 1917 ducit,
711 1855 804 1918 ut,
833 1843 1083 1921 deposita
1107 1842 1392 1920 majestate
1409 1887 1424 1913 ‚
1457 1843 1650 1920 quales
1679 1864 1740 1901 re
1768 1845 1889 1923 ipsa
1920 1865 2007 1902 es-

268 1958 421 2018 sent,
463 1956 793 2024 apparerent
825 1965 941 2002 non
978 1945 1095 2022 jam
1131 1942 1594 2023 circumfulgente
1638 1946 2011 2024 imperatoriae

267 2045 804 2124 dignitatisfulgore3
820 2057 1052 2123 tumque
1072 2043 1234 2122 plane
1250 2046 1308 2101 in
1336 2043 1514 2102 lucem
1529 2044 1715 2103 ederet
1735 2045 2011 2124 quidquid

268 2146 355 2204 vel
369 2148 607 2226 egerint,
623 2145 716 2203 vel
729 2143 1155 2203 dixerint.Nihil
1173 2146 1360 2203 omisit
1369 2145 1521 2224 quod
1541 2147 1773 2224 posteris
1791 2146 2012 2204 tradere

277 2250 518 2327 pretium
561 2268 744 2326 operae
776 2259 924 2319 erat;
956 2268 1058 2304 nec
1088 2246 1395 2324 quidquam
1427 2247 1676 2321 obstitit,
1707 2248 1846 2325 quin
1878 2248 2012 2304 vitia

271 2350 539 2428 cujusque
557 2361 612 2406 et
632 2350 913 2428 propriam
943 2347 1186 2406 indolem
1205 2349 1564 2426 expresserit,
1583 2350 1698 2406 veri
1727 2370 1903 2428 usque
1934 2361 2015 2406 te-

275 2471 386 2508 nax
414 2471 428 2507 z
453 2450 566 2507 imo
597 2469 1000 2527 nonnunquam
1029 2450 1303 2522 veritati8‚
1337 2450 1522 2506 verbis
1546 2450 1616 2506 sit
1636 2451 1827 2525 venia,
1859 2471 2020 2508 accu-

277 2552 450 2608 ratior
491 2550 783 2629 indagator
815 2563 870 2608 et
907 2551 1206 2629 interpreS‚
1237 2557 1317 2607 ea'
1342 2551 1548 2607 nostris
1583 2549 1762 2608 oculis
1793 2551 2021 2628 subjicit

278 2654 466 2726 omni„
493 2651 810 2722 velamento·
856 2654 1065 2717 nudata
1095 2695 1111 2724 ,
1172 2673 1296 2731 quae
1351 2673 1464 2709 non
1518 2651 1825 2731 detegenda
1869 2652 2020 2710 haud

285 2754 566 2810 immerito
607 2753 838 2828 dixeris3
880 2754 988 2811 nisi
1028 2765 1190 2810 cauta
1223 2773 1395 2810 manu
1415 2766 1470 2810 et
1503 2751 1596 2811 illa
1636 2754 2026 2833 indignatione

286 2853 459 2910 animi
490 2874 644 2931 quae,
678 2853 810 2936 dum
846 2855 903 2937 in
939 2855 1075 2912 vitia
1115 2856 1381 2912 acerrime
1419 2839 1722 2929 invehitur,
1756 2857 2022 2914 vitiorum

288 2952 477 3018 odium
525 2966 581 3011 et
634 2953 923 3010 horrorem
973 2954 1265 3031 ingenerat
1297 2976 1310 3011 :
1344 2958 1644 3014 Suetonius
1675 2970 1861 3014 autem
1896 2956 2027 3014 talia

285 3184 482 3251 ‚scriptis
501 3220 516 3244 ‚
555 3200 662 3247 quae
690 3183 881 3247 collegit
903 3186 1029 3232 Sam.
1052 3184 1253 3246 Pitiscus
1286 3185 1336 3231 in
1362 3186 1412 3232 C.
1436 3187 1633 3234 Sueton.
1657 3202 1831 3249 opera,
1865 3189 1939 3237 ed.
1969 3205 2029 3249 11,

293 3261 594 3322 Leovardiae,
617 3262 713 3307 vol.
741 3260 911 3323 primo,

365 3339 387 3362 *
411 3341 641 3397 Cornu„
663 3340 724 3385 de
754 3339 874 3386 Hist.
898 3339 1178 3387 utilitatibus
1200 3339 1370 3387 oratio.
