2372 3918
385 287 475 333 232
862 285 920 330 (3.-
948 286 1235 331 SUETONII
1271 285 1598 330 CLAUDIUS.

383 392 494 445 tine
527 388 743 461 addito,
782 410 953 465 quum
987 387 1137 445 velut
1169 390 1492 445 exhaustum
1530 389 1681 444 refici
1721 388 1844 444 cibo
1872 402 2088 467 oporte-

375 474 492 562 xret,
521 510 592 545 an
623 491 865 546 immisso
889 510 987 566 per
1017 488 1330 566 clysterem,
1365 501 1425 546 ut
1454 490 1608 566 quasi
1643 488 1981 546 abundantia
2010 489 2085 546 la-

380 591 595 647 boranti
622 591 785 646 etiam
814 589 918 645 hoc
946 609 1144 667 genere
1172 590 1460 665 egestionis
1489 589 1884 645 subveniretur.

459 692 631 749 XLV.
675 692 828 746 Mors
862 690 978 767 ejus
1009 687 1182 745 celata
1212 699 1319 761 est,
1354 688 1526 744 donec
1553 690 1697 745 circa
1723 709 2086 746 successorem

380 789 564 846 omnia
607 789 1010 846 ordinarentur.
1059 790 1253 864 Itaque
1300 799 1354 843 et
1392 790 1545 865 quasi
1582 809 1683 866 pro
1722 810 1868 867 aegro
1907 788 2087 846 adhuc

378 902 506 944 vota
529 901 781 966 suscepta
805 901 956 958 sunt,
983 901 1038 944 et
1060 887 1270 945 inducti
1287 908 1386 965 per
1409 887 1809 945 simulationem
1826 888 2085 961 comoedi,

378 991 474 1065 qui
504 987 655 1045 velut
687 987 1080 1044 desiderantem
1110 986 1466 1044 oblectarent.
1500 988 1741 1044 Excessit
1771 989 1934 1044 tertio
1966 988 2088 1044 idus

379 1088 642 1159 octobriS,
697 1088 887 1144 Asinio
926 1086 1218 1160 MarceIIO,
1264 1086 1441 1145 Acilio
1487 1085 1706 1160 Aviola,
1743 1085 2088 1160 consulibus,

379 1201 575 1265 quarto
592 1201 649 1244 >et
670 1190 1001 1266 sexagesimo
1024 1189 1222 1259 aetatis,
1248 1189 1462 1265 imperii
1479 1187 1892 1264 quartodecimo
1916 1208 2090 1258 anno;

378 1288 768 1364 funeratusque
799 1300 881 1344 est
907 1286 1159 1344 sollemni
1191 1289 1504 1364 principum
1538 1309 1764 1365 pompa,
1796 1299 1848 1343 et
1881 1288 1935 1343 in
1980 1309 2083 1344 nu-

378 1408 590 1443 merum
620 1388 846 1443 deorum
873 1387 1090 1443 relatus.
1122 1389 1302 1460 Quem
1334 1388 1620 1456 honorem,
1638 1389 1907 1443 aNerone
1937 1386 2093 1443 desti-

378 1498 559 1542 tutum
594 1486 996 1564 abolitumque,
1030 1488 1236 1563 recepit
1267 1508 1395 1542 mox
1422 1504 1522 1564 per
1551 1487 1967 1563 Vespasianum.

456 1590 659 1644 XLVI.
698 1588 966 1664 Praesagia
989 1588 1180 1643 mortis
1202 1587 1318 1663 ejus
1341 1588 1623 1666 praecipua
1652 1585 1878 1643 fuerunt
1905 1609 1917 1643 ε
1940 1608 2090 1643 exor-

379 1700 465 1742 tus
514 1689 722 1742 crinitae
776 1686 968 1759 stellae,
1006 1707 1171 1763 quam
1209 1698 1453 1754 cometen
1499 1700 1740 1743 vocant:
1774 1699 2090 1764 tactumque

378 1788 443 1844 de
467 1786 602 1857 coelo
626 1785 1044 1844 monumentum
1064 1788 1234 1844 Drusi
1260 1788 1461 1865 patris3
1487 1787 1711 1864 etquod
1731 1786 1922 1843 eodem
1940 1808 2088 1843 anno

377 1909 442 1943 ex
466 1890 715 1943 omnium
739 1889 1158 1965 magistratuum
1189 1908 1387 1965 genere
1411 1886 1658 1964 plerique
1687 1900 1920 1943 mortem
1943 1887 2092 1942 obie-

354 1970 525 2066 rant,
562 1988 669 2043 Sed
708 2009 807 2043 nec
854 1988 969 2064 ipse
1012 1988 1326 2066 ignorasse,
1356 1999 1452 2043 aut
1497 1986 1863 2043 dissimulasse
1895 1986 2087 2043 ultima

375 2089 499 2146 vitae
533 2108 640 2143 suae
670 2098 916 2164 tempora
948 2087 1190 2158 videtur,
1228 2086 1438 2163 aliquot
1474 2086 1697 2162 quidem
1725 2087 2082 2162 argumentis,

375 2188 519 2244 Nam
553 2200 605 2242 et
633 2208 803 2264 quum
828 2186 1076 2243 consules
1109 2187 1446 2263 designaret,
1480 2187 1754 2242 neminem
1779 2185 1919 2242 ultra
1943 2206 2090 2242 men·

377 2308 514 2358 sem,
547 2308 658 2363 quo
684 2287 820 2342 obiit
839 2331 854 2359 ,
891 2286 1195 2363 designavit
1218 2308 1230 2342 ε
1253 2299 1309 2342 et
1339 2288 1397 2342 in
1427 2297 1650 2356 senatu,
1681 2288 1772 2342 cui
1797 2286 2088 2342 novissime

375 2387 664 2459 interfuit,
710 2385 946 2450 multum
990 2387 1060 2443 ad
1094 2386 1446 2443 concordiam
1480 2385 1678 2441 liberos
1721 2405 1848 2440 suos
1890 2384 2085 2440 cohor-

377 2499 546 2560 tatuS,
589 2489 871 2564 utriusque
911 2500 1125 2544 aetatem
1158 2486 1476 2563 suppliciter
1509 2485 1757 2561 patribus
1806 2504 2087 2539 commen-

376 2585 543 2642 davit.
576 2590 647 2643 Et
670 2588 727 2641 in
758 2585 950 2642 ultima
973 2586 1285 2663 cognitione
1304 2606 1407 2662 pro
1428 2583 1722 2654 tribunali,
1754 2608 1780 2636 ι(
1801 2584 2090 2640 accessisse

377 2706 433 2741 se
471 2684 540 2740 ad
578 2683 743 2740 finem
778 2684 1156 2754 mortalitatis,
1177 2710 1204 2738 >2
1248 2705 1581 2762 quamquam
1610 2683 2086 2753 abominantibuS‚

377 2787 472 2861 qui
498 2785 821 2857 audiebant,
857 2784 1020 2842 semel
1056 2798 1221 2862 atque
1254 2787 1453 2841 iterum
1480 2784 1884 2863 pronunciavit.
