2372 3918
422 302 513 332 220
1091 285 1139 331 C.
1175 286 1465 332 SUETONII

419 393 565 447 mine
595 391 781 447 teneri.
804 390 1067 460 ¹Viatores
1099 410 1168 444 ne
1194 411 1291 466 per
1318 389 1487 447 Italiae
1509 388 1738 468 oppida,
1776 391 1878 447 nisi
1910 405 2005 449 aut
2037 415 2128 470 pe-

421 492 604 561 dibus,
645 503 739 548 aut
773 489 933 561 sella,
972 502 1068 546 aut
1101 488 1294 547 lectica
1325 492 1647 561 transirent,
1688 493 1903 548 monuit
1935 494 2129 550 edicto,

423 589 671 647 Puteolis
702 603 758 646 et
785 592 954 647 Ostiae
984 589 1225 667 singulas
1259 592 1511 647 cohortes
1545 591 1617 649 ad
1651 591 1915 648 arcendos
1949 593 2133 650 incen-

436 692 652 748 diorum
679 711 834 747 casus
862 688 1163 747 collocavit.
1190 693 1496 772 Peregrinae
1526 691 1856 749 conditionis
1884 693 2135 751 homines

427 793 603 848 vetuit
651 811 918 869 usurpare
974 811 1201 848 romana
1240 793 1493 863 nomina,
1538 793 1802 850 duntaxat
1841 793 2133 871 gentilicia.

427 892 721 948 Civitatem
750 911 1041 948 romanam
1076 905 1401 970 usurpantes
1431 894 1488 950 in
1507 914 1703 973 campo
1735 894 2023 972 Esquilino
2056 918 2135 952 se-

430 993 547 1049 curi
595 993 878 1070 percussit.
935 994 1253 1049 Provincias
1301 985 1561 1050 Achaiam
1611 1007 1667 1052 et
1721 996 2102 1053 Macedoniam
2124 1042 2138 1070 ,

431 1114 567 1170 quas
589 1093 843 1150 Tiberius
866 1092 936 1149 ad
959 1114 1147 1150 curam
1171 1114 1326 1150 suam
1359 1094 1708 1152 transtulerat
1730 1139 1745 1167 ,
1774 1099 1984 1153 senatui
2017 1098 2140 1154 red-

426 1193 583 1249 didit.
620 1194 828 1272 Lyeiis,
856 1194 927 1250 ob
957 1192 1260 1250 exitiabiles
1291 1195 1433 1251 inter
1467 1217 1524 1251 se
1557 1196 1888 1270 discordias,
1922 1197 2141 1255 liberta-

431 1306 541 1349 tem
569 1294 803 1350 ademit:
839 1293 1096 1366 Rhodiis,
1129 1293 1199 1349 ob
1226 1295 1603 1370 poenitentiam
1635 1289 1882 1352 veterum
1916 1297 2142 1355 delicto-

429 1416 577 1465 rum,
608 1394 859 1450 reddidit.
886 1392 1211 1465 Iliensibus,
1242 1397 1398 1471 quasi
1433 1416 1670 1451 romanae
1697 1399 1874 1474 gentis
1908 1401 2145 1454 auctori-

353 1543 362 1556 s
428 1496 531 1551 bus
550 1538 566 1566 ,
623 1495 829 1550 tributa
884 1495 942 1549 in
998 1507 1326 1572 perpetuum
1384 1497 1627 1566 remis‘it3
1679 1497 1906 1553 recitata
1960 1511 2144 1555 vetere

429 1594 657 1672 epistola
683 1615 861 1673 graeca
891 1607 1110 1651 senatus
1150 1595 1448 1673 populique
1487 1598 1727 1668 romani,
1763 1597 1993 1655 Seleuco
2030 1602 2146 1677 regi

432 1696 729 1752 amicitiam
760 1708 813 1751 et
848 1696 1164 1751 societatem
1192 1696 1268 1752 ita
1301 1695 1521 1755 demum
1552 1696 1891 1775 pollicentiS,
1931 1701 1976 1756 si
2011 1722 2143 1756 con-

431 1797 757 1873 sanguineos
781 1817 907 1852 suos
932 1794 1154 1852 Ilienses
1181 1797 1249 1852 ab
1277 1799 1428 1852 omni
1456 1818 1622 1854 onere
1645 1783 1913 1856 immunes
1938 1802 2143 1876 praesti-

432 1898 598 1953 tisset.
629 1896 873 1969 Judaeos,
906 1895 1208 1974 impulsore
1222 1898 1454 1953 Chresto
1483 1898 1699 1955 assidue
1722 1898 2147 1970 tumultuantes,

434 2000 610 2054 Roma
633 1996 857 2074 expulit.
894 1999 1299 2053 Germanorum
1335 1983 1526 2076 legatis
1564 2000 1620 2054 in
1649 2000 1928 2056 orchestra
1960 2000 2148 2056 sedere

434 2098 707 2174 permisit,
742 2096 1086 2173 simplicitate
1116 2119 1306 2154 eorum
1345 2111 1399 2154 et
1432 2098 1628 2155 fiducia
1653 2111 1835 2156 motus
1854 2143 1870 2171 ,
1911 2100 2061 2176 quod
2093 2102 2149 2156 iu

437 2195 726 2275 popularia
770 2197 1018 2269 deducti,
1065 2217 1238 2273 quum
1276 2198 1791 2256 animadvertissent
1831 2201 2063 2256 Parthos
2098 2214 2149 2255 et

434 2299 722 2354 Armenios
778 2297 1025 2353 sedentes
1071 2299 1127 2353 in
1175 2310 1363 2354 senatu
1383 2342 1398 2367 ‚
1449 2298 1520 2354 ad
1565 2297 1751 2355 eadem
1794 2299 1912 2356 loca
1959 2305 2152 2376 spome

435 2399 788 2470 transierant,
819 2395 994 2453 nihilo
1018 2396 1345 2454 deteriorem
1370 2381 1632 2454 virtutem
1658 2411 1752 2454 aut
1771 2397 2145 2454 conditionem

435 2520 587 2555 suam
619 2496 994 2578 praedicantes.
1032 2498 1370 2555 Druidarum
1402 2497 1722 2576 religionem
1758 2499 1906 2576 apud
1931 2498 2151 2571 Gallos,

423 2599 570 2672 *dirae
604 2599 991 2668 immanitatiS,
1027 2609 1079 2652 et
1106 2609 1317 2653 tantum
1352 2598 1562 2654 ciVibus
1589 2599 1691 2654 sub
1709 2601 1957 2676 Augusto
1982 2600 2150 2655 inter-

436 2697 639 2753 dictam
659 2742 674 2767 ,
704 2697 921 2774 penitus
949 2695 1205 2753 abolevit.
1244 2701 1453 2754 Contra
1489 2719 1643 2754 sacra
1673 2697 1956 2754 Eleusinia
1986 2699 2149 2754 etiam

436 2797 732 2854 transferre
766 2819 832 2854 ex
864 2799 1045 2855 Attica
1084 2802 1316 2854 Romam
1352 2810 1580 2854 conatus
1616 2811 1728 2870 est;
1773 2798 2150 2875 templumque

437 2899 495 2953 in
538 2897 721 2955 Sicilia
755 2899 986 2956 Veneris
1021 2898 1296 2975 Erycinae,
1331 2909 1600 2955 vetustate
1632 2897 1966 2975 collapsum,
1998 2910 2058 2953 ut
2088 2917 2153 2951 ex

438 2999 630 3054 aerario
656 2997 845 3076 populi
877 3000 1090 3055 romani
1116 2998 1452 3069 reficeretur,
1478 3009 1670 3055 auctor
1694 2997 1816 3055 fuit.
1839 3000 1981 3055 Cum
2009 2996 2150 3072 regi-

439 3099 539 3154 bus
568 3098 743 3154 foedus
775 3100 830 3154 in
857 3102 1002 3155 Foro
1030 3099 1149 3170 icit,
1181 3119 1347 3174 porca
1384 3119 1545 3170 caesa,
1566 3119 1629 3155 ac
1656 3110 1836 3155 vetere
1859 3095 2149 3154 Fecialimn

439 3198 754 3274 praefatione
792 3198 1052 3255 adhibita.
1099 3196 1206 3254 Sed
1236 3210 1299 3252 'et
1344 3198 1485 3271 haec,
1520 3212 1574 3255 et
1609 3211 1815 3271 cetera,
1861 3208 2147 3272 totumque

443 3298 576 3353 adeo
606 3319 667 3353 cx
703 3310 855 3374 parte
893 3319 1089 3375 magna
1124 3298 1516 3375 principatum,
1547 3320 1655 3353 non
1687 3311 1795 3353 tam
1825 3317 1923 3352 suo
1943 3340 1956 3367 ,
1988 3317 2150 3372 quam
