2372 3918
824 266 1130 312 octavius
1155 266 1494 314 AUGUSTUS.
1942 282 2005 328 99

387 372 687 429 LXXVIII.
732 372 866 426 Post
895 369 1077 424 cibum
1123 369 1517 440 meridianum,
1563 370 1637 423 ita
1679 380 1737 424 ut
1782 370 2007 425 vestitus

308 470 673 547 calciatusque
707 480 855 538 erat,
897 470 1112 525 retectis
1151 469 1379 547 pedibus
1416 466 1694 547 paulisper
1724 470 2008 545 conquies-

222 566 224 568 ’
307 571 487 642 cebat‚
520 569 766 647 opposita
797 567 867 623 ad
897 566 1084 624 oculos
1112 589 1296 625 manu.
1325 571 1370 626 A
1398 588 1552 624 coena
1581 566 2008 624 lucubratoriam

307 690 362 726 se
404 671 459 725 in
501 666 805 725 lecticulam
848 668 1160 744 recipiebat.
1200 668 1315 740 Ibi,
1357 667 1532 724 donec
1569 666 1783 723 residua
1826 666 2010 722 diurni

306 780 483 841 actus,
517 778 611 824 aut
642 767 854 840 omnia,
889 779 985 823 aut
1018 788 1083 823 ex
1113 770 1348 824 maxima
1375 779 1558 845 parte,
1593 766 1884 823 conficeret
1895 809 1915 838 „
1944 767 2009 822 ad

306 867 534 924 multam
569 878 786 923 noctem
821 867 1189 943 permanebat.
1222 870 1286 924 In
1317 866 1518 923 lectum
1552 865 1678 923 inde
1706 878 2012 943 transgres-

306 987 396 1023 sus
415 1008 430 1038 ,
465 986 577 1022 non
609 963 876 1042 amplius,
907 985 1078 1042 quum
1112 966 1443 1043 plurimum,
1475 987 1642 1043 quam
1674 978 1881 1042 septem
1914 965 2014 1020 ho-

304 1087 419 1138 ras,
454 1065 789 1138 dormiebat,
821 1086 884 1122 ac
915 1086 983 1122 ne
1011 1086 1101 1123 eas
1129 1066 1351 1143 quidem
1386 1067 1701 1138 continuaS,
1733 1064 1827 1121 sed
1856 1077 1919 1121 ut
1951 1066 2007 1121 in

304 1165 399 1222 illo
435 1167 697 1243 temporis
735 1168 911 1243 spatio
948 1179 1033 1223 ter
1068 1179 1165 1223 aut
1203 1178 1397 1243 quater
1429 1166 1913 1243 expergisceretur.
1955 1166 2011 1221 Si

304 1266 673 1342 interruptum
695 1286 947 1323 somnum
970 1287 1321 1344 recuperare,
1347 1278 1409 1322 ut
1436 1267 1641 1336 evenit,
1668 1285 1781 1321 non
1803 1276 2014 1341 posset,

307 1364 599 1422 lectoribus
636 1379 732 1423 aut
767 1365 1161 1423 fabulatoribus
1200 1368 1469 1424 arcessitis
1505 1367 1813 1422 resumebat
1831 1409 1847 1435 ‚
1884 1384 2015 1442 pro-

307 1456 646 1542 ducebatque
677 1465 824 1522 ultra
859 1468 1090 1544 primam
1125 1488 1264 1544 saepe
1301 1467 1493 1523 lucem.
1529 1470 1649 1524 Nec
1684 1468 1741 1521 in
1780 1466 2017 1522 tenebris

306 1564 551 1642 vigilavit
578 1587 845 1642 unquam,
871 1568 975 1622 nisi
1000 1566 1268 1622 assidente
1296 1566 1496 1643 aliquo.
1526 1567 1804 1622 Matutina
1830 1564 2017 1643 vigilia

305 1663 684 1720 offendebatur
717 1685 730 1719 :
765 1684 828 1720 ac
858 1666 903 1719 si
932 1663 1018 1719 vel
1044 1664 1238 1736 officii,
1268 1664 1354 1719 vel
1386 1666 1524 1719 sacri
1555 1683 1716 1720 causa
1749 1666 2017 1720 maturius

305 1762 671 1840 evigilandum
704 1775 868 1835 esset,
895 1783 964 1818 ne
998 1762 1055 1817 id
1085 1775 1277 1818 contra
1309 1762 1660 1818 commodum
1695 1763 1928 1835 faceret,
1960 1765 2016 1819 in

305 1864 556 1940 proximo
583 1864 958 1940 cujuscunque
985 1862 1412 1919 domesticorum
1440 1861 1720 1919 coenaculo
1746 1864 2014 1920 manebat.

304 1964 392 2020 Sic
422 1984 641 2040 quoque
675 1949 817 2040 saepe*
842 1963 1094 2042 indigens
1123 1965 1324 2036 somni,
1361 1975 1415 2019 et
1449 1963 1579 2019 dum
1616 1984 1711 2040 per
1742 1964 1892 2020 vicos
1924 1963 2018 2019 de-

305 2075 643 2139 portaretur,
671 2076 727 2120 et
754 2063 1002 2140 deposita
1028 2063 1243 2137 lectica,
1273 2065 1416 2120 inter
1442 2063 1651 2140 aliquas
1679 2084 1861 2120 moras
1884 2085 2015 2121 con-

305 2149 625 2220 dormiebat.

383 2266 634 2321 LXXIX.
678 2267 876 2321 Forma
903 2265 1006 2322 fuit
1029 2267 1250 2336 eximia,
1274 2278 1329 2322 et
1356 2286 1455 2343 per
1480 2286 1668 2322 omnes
1696 2267 1868 2322 aetatis
1894 2286 2017 2343 gra-

305 2363 407 2420 dus
441 2366 847 2438 venustissima3
883 2386 1213 2443 quamquam
1249 2379 1304 2422 et
1339 2368 1516 2424 omnis
1554 2366 1811 2422 lenocinii
1846 2364 2018 2444 negli-

306 2485 465 2542 genS,
499 2476 553 2520 et
587 2466 643 2520 in
681 2466 860 2541 capite
894 2465 1161 2522 comendo
1197 2479 1308 2522 tam
1346 2467 1683 2537 incuriosuS,
1719 2478 1780 2521 ut
1817 2467 2016 2542 raptim

305 2562 676 2641 compluribus
717 2563 876 2620 simul
916 2566 1226 2622 tonsoribus
1264 2586 1487 2643 operam
1530 2566 1711 2635 daret,
1750 2586 1814 2620 ac
1852 2564 2017 2620 modo

306 2662 580 2735 tonderet,
606 2664 772 2720 modo
794 2663 1009 2721 raderet
1031 2666 1280 2737 barbam,
1306 2686 1480 2743 eoque
1508 2667 1628 2743 ipso
1653 2678 1897 2743 tempore
1919 2676 2014 2720 aut

307 2760 508 2838 legeret
543 2760 778 2838 aliquid,
814 2776 911 2818 aut
942 2764 1106 2820 etiam
1143 2766 1420 2822 scriberet.
1452 2765 1628 2822 Vultu
1663 2778 1805 2838 erat,
1840 2764 1923 2821 vel
1962 2766 2017 2821 in

306 2880 581 2932 sermone,
609 2859 691 2916 vel
721 2862 943 2932 tacituS‚
971 2861 1107 2918 adeo
1132 2863 1428 2940 tranquillo
1457 2885 1783 2943 serenoque,
1811 2877 1875 2921 ut
1902 2866 2019 2941 qui-

307 2960 431 3016 dam
460 2980 489 3014 e
513 2960 846 3037 primoribus
872 2960 1179 3017 Galliarum
1203 2962 1482 3019 confessus
1507 2966 1575 3020 sit
1605 2965 1749 3021 inter
1776 2985 1927 3036 sum,
1953 2985 2017 3019 eo

308 3081 364 3116 se
393 3060 686 3115 inhibitum
716 3081 778 3116 ac
808 3059 1173 3129 remollitum‚
1204 3082 1315 3138 quo
1350 3063 1561 3129 minuS,
1591 3075 1652 3118 ut
1685 3064 2016 3135 destinarat,

307 3161 364 3215 in
402 3161 634 3216 transitu
672 3158 888 3236 Alpium
925 3181 1022 3237 per
1055 3159 1454 3217 simulationem
1498 3162 1756 3238 colloquii
1794 3164 2017 3240 propius

308 3259 598 3330 admissus,
624 3261 679 3314 in
707 3261 1065 3337 praecipitium
1090 3260 1436 3338 propelleret.
1466 3261 1671 3318 Oculos
1695 3263 1887 3318 habuit
1912 3262 2018 3318 cla-

1725 3383 1755 3407 ‘7

1730 3413 1745 3439 Ι
1761 3406 1769 3415 .
