2372 3918
641 286 725 334 DE
755 285 977 333 CLARIS
1011 281 1415 329 RHETORIBUS
1450 281 1652 327 LIBER.
1940 297 2003 340 99

271 391 660 467 subtractoque
691 389 941 460 nomine,
966 412 993 440 α
1017 384 1373 443 hordearium
1392 408 1421 439 n
1462 404 1589 440 eum
1618 408 1646 436 α
1671 384 1949 442 rhetorem
1977 412 2004 439 υ

270 490 539 571 appellat,
575 489 862 562 deridens,
907 500 971 545 ut
1013 486 1269 543 inflatum
1298 504 1364 542 ac
1395 482 1572 541 levem
1600 497 1657 540 et
1695 484 2001 542 sordidum.

348 595 449 652 111.
486 596 550 650 L.
580 589 851 651 Otacilius
882 587 1080 647 Pilitus
1111 587 1347 645 servisse
1379 585 1607 659 dicitur,
1632 598 1799 664 atque
1830 588 1997 644 etiam

270 693 525 751 ostiarius
555 692 725 749 veteri
768 710 921 747 more
956 689 1013 745 in
1039 700 1236 746 catena
1278 686 1483 761 fuisse;
1519 684 1698 743 donec
1738 687 1811 742 ob
1843 689 2000 766 inge-

272 795 425 852 nium
450 814 514 851 ac
547 792 790 851 studium
813 789 1122 848 litterarum
1155 791 1524 848 manumissus
1542 830 1559 861 ‚
1589 791 1871 846 accusanti
1899 810 2000 867 pa-

268 907 431 952 trono
478 893 820 972 subscripsit.
877 891 1092 949 Deinde
1145 891 1478 948 rhetoricam
1533 889 1812 969 professus
1831 933 1847 964 ,
1895 893 2001 949 Cn.

267 995 589 1073 Pompeium
626 996 893 1071 Magnum
936 992 1157 1062 docuit,
1196 996 1481 1070 patrisque
1510 993 1630 1069 ejus
1663 1011 1751 1048 res
1785 1004 2004 1070 gestas,

267 1114 370 1152 nec
402 1094 586 1151 minus
626 1094 831 1171 ipsius,
875 1091 1255 1171 compluribus
1283 1090 1439 1148 libris
1468 1092 1751 1170 exposuit3
1787 1092 2000 1171 primus

265 1195 516 1251 omnium
556 1192 977 1266 libertinorum,
1025 1205 1087 1252 ut
1133 1190 1426 1251 Cornelius
1471 1194 1661 1271 Nepos
1710 1193 2008 1271 opinatur,

265 1295 501 1352 scribere
526 1295 818 1352 historiam
852 1316 1010 1352 orsus
1029 1338 1043 1366 ,
1071 1315 1184 1351 non
1216 1296 1322 1352 nisi
1345 1295 1416 1352 ab
1447 1294 1838 1353 honestissimo
1868 1317 2007 1375 quo-

265 1391 372 1471 que
397 1395 565 1452 scribi
599 1393 835 1452 solitam.

344 1499 445 1554 IV.
471 1495 558 1553 Ad
587 1495 643 1552 id
671 1508 885 1574 tempus
912 1495 1142 1574 Epidius
1161 1540 1176 1566 ,
1205 1495 1486 1554 calumnia
1518 1509 1744 1554 notatus
1763 1540 1779 1570 ,
1811 1495 2006 1554 ludum

267 1595 484 1654 dicendi
514 1598 732 1674 aperuit
765 1618 779 1653 z
814 1595 1113 1674 docuitque
1148 1598 1292 1654 inter
1324 1609 1537 1654 ceteros
1561 1599 1640 1654 M.
1667 1598 2005 1669 Antonium,

264 1710 321 1755 et
354 1701 687 1776 Augustum.
725 1698 945 1771 Quibus
986 1697 1268 1774 quondam
1302 1700 1365 1755 C.
1398 1699 1702 1772 Canutius,
1739 1698 2008 1776 objicien-

264 1775 411 1855 tibus
439 1798 572 1870 sibi,
601 1797 753 1875 quod
777 1798 835 1854 in
866 1797 1153 1877 republica
1183 1797 1622 1855 administranda
1654 1799 2006 1876 potissimum

264 1896 570 1955 consularis
593 1899 823 1955 Isaurici
852 1910 1054 1955 sectam
1084 1911 1436 1976 sequeretur,
1464 1923 1491 1952 «
1513 1896 1704 1970 Malle,
1723 1923 1752 1952 ν
1783 1920 2012 1978 respon-

263 1998 370 2072 dit,
391 2023 419 2053 a
452 2000 719 2056 «Isaurici
744 2019 863 2056 esse
887 1997 1222 2078 discipulum
1240 2044 1255 2069 ,
1287 2020 1454 2078 quam
1485 1999 1671 2078 Epidii
1697 1999 2008 2058 calumnia·-

264 2101 416 2157 toriS.
442 2126 469 2156 »ι
503 2101 609 2158 Hic
638 2100 869 2178 Epidius
899 2113 1086 2158 ortum
1124 2122 1182 2158 se
1210 2101 1280 2158 ab
1315 2100 1517 2179 Epidio
1552 2103 1847 2160 Nuncione
1875 2125 2014 2182 prae-

266 2201 487 2258 dicabat
519 2223 532 2258 t
564 2222 729 2279 quem
754 2201 941 2258 ferunt
963 2200 1098 2258 olim
1129 2203 1533 2280 praecipitatum
1572 2203 1628 2259 in
1662 2203 1873 2260 fontem
1907 2203 2013 2262 ssu-

266 2302 431 2359 minis
474 2302 668 2375 Sarni,
716 2301 882 2380 paulo
931 2314 1056 2380 post
1099 2324 1228 2359 cum
1279 2304 1543 2362 cornibus
1595 2305 1900 2378 exstitisse,
1946 2326 2012 2362 ac

265 2404 449 2459 statim
475 2423 588 2460 non
613 2404 1008 2481 comparuisse,
1030 2404 1084 2459 in
1113 2424 1460 2482 numeroque
1479 2404 1713 2462 deorum
1735 2406 2009 2463 habitum.

350 2506 417 2561 V.
449 2506 647 2562 Sextus
687 2503 943 2577 Clodius,
979 2525 1010 2561 e
1045 2503 1267 2578 Sicilia,
1301 2503 1483 2563 latinae
1511 2504 1676 2563 simul
1709 2527 2011 2585 graecaeque

267 2604 592 2684 eloquentiae
642 2595 952 2684 professor,
999 2605 1141 2662 male
1183 2605 1462 2680 oculatuS,
1514 2619 1569 2664 et
1616 2606 1809 2681 dicax,
1857 2634 1886 2663 α
1911 2629 2013 2686 par

266 2706 557 2764 oculorum
592 2707 648 2763 in
679 2708 921 2764 amicitia
945 2710 1024 2764 M.
1044 2708 1276 2766 Antonii
1305 2709 1581 2766 triumviri
1610 2710 1840 2766 extrisse
1865 2730 1955 2780 se,
1981 2735 2010 2763 »

267 2807 467 2865 aiebat.
493 2807 751 2885 Ejusdem
780 2829 1006 2865 uxorem
1030 2808 1304 2882 Fulviam,
1334 2811 1427 2867 cui
1457 2809 1632 2869 altera
1653 2812 1829 2868 bucca
1854 2811 2011 2868 infla-

224 2922 230 2928 ’
266 2910 376 2965 tior
400 2921 520 2966 erat
539 2954 553 2980 ,
583 2934 609 2962 «
635 2930 869 2967 acumen
904 2908 1016 2967 stili
1046 2922 1290 2984 tentare,
1310 2936 1338 2965 ι)
1366 2910 1533 2985 dixit,
1566 2933 1669 2970 nec
1697 2934 1764 2970 eo
1797 2914 2011 2984 mium,

267 3011 438 3067 immo
484 3009 570 3068 vel
605 3012 810 3089 magiS,
848 3011 920 3068 ob
953 3011 1061 3071 hoc
1104 3013 1350 3071 Antonio
1392 3025 1601 3092 gratus.
1641 3017 1688 3071 A
1737 3035 1850 3092 quo
1887 3036 2013 3072 mox

267 3111 493 3170 consule
528 3115 720 3192 iugens
751 3114 918 3171 etiam
949 3116 1297 3193 congiarium
1329 3117 1544 3194 accepit
1563 3160 1579 3186 ‚
1611 3128 1674 3174 ut
1703 3117 1754 3173 ei
1791 3118 1847 3173 in
1878 3117 2010 3173 Phi-

267 3212 485 3292 lippicis
521 3216 716 3272 Cicero
747 3215 938 3293 objicit
968 3237 979 3271 :
1012 3240 1038 3268 «
1063 3215 1307 3274 Adhibes
1333 3218 1445 3295 joci
1482 3237 1647 3274 causa
1678 3219 2006 3297 magistrum

267 3315 533 3395 suffragio
574 3328 695 3386 tu0,
734 3328 786 3372 et
830 3330 1218 3395 compotorum
1261 3330 1524 3394 tuorum,
1574 3320 1886 3393 rhetorem;
1918 3321 2007 3376 cui

1716 3442 1765 3474 ἢ.
