2372 3918
386 285 402 313 1
415 268 473 314 50
1051 269 1100 312 C.
1135 269 1422 314 SUETONII

411 411 414 415 -
459 373 627 426 LVII.
675 374 824 428 Saeva
860 392 921 427 ac
954 370 1100 426 lenta
1135 385 1330 427 natura
1358 393 1427 427 ne
1456 373 1512 426 in
1548 390 1721 447 puero
1754 368 1975 445 quidem
2013 371 2089 425 la-

379 472 482 526 tuit
513 492 526 526 :
554 491 718 546 quam
744 470 1066 527 Theodorus
1094 471 1378 527 Gadareus
1395 514 1410 540 ‚
1447 470 1733 526 rhetoricae
1760 481 2089 546 praeceptor,

379 581 434 624 et
457 571 790 647 perspexisse
820 569 1029 646 primus
1054 571 1335 647 sagaciter,
1367 583 1422 626 et
1446 567 1786 626 assimulasse
1814 569 2091 644 aptissime

378 669 526 724 visus
562 682 674 741 est,
716 669 946 725 subinde
982 670 1038 724 in
1077 669 1421 748 objurgando
1454 668 1735 746 appellans
1774 689 1900 724 eum
1938 665 2092 737 πηλὸν

377 774 562 843 σάματι
588 763 923 843 πεφυρμένον.
943 769 1048 826 Sed
1065 768 1348 847 aliquanto
1363 770 1537 848 magis
1559 771 1614 824 in
1632 770 1879 847 principe
1895 767 2065 824 eluxit
2080 809 2092 831 ‚

378 870 544 924 etiam
577 870 717 924 inter
750 870 936 942 initia,
974 890 1144 946 quum
1175 870 1354 926 adhuc
1385 870 1625 927 favorem
1653 870 1942 925 hominum
1972 889 2090 924 mo-

379 969 676 1025 derationis
712 969 1057 1026 simulatione
1093 983 1350 1048 captaret.
1392 974 1673 1044 Scurram,
1707 972 1837 1048 qui,
1869 982 2092 1047 praeter-

378 1082 542 1125 eunte
572 1069 785 1141 funere,
819 1069 963 1128 clare
992 1083 1210 1128 mortuo
1233 1070 1547 1144 mandarat,
1579 1084 1641 1128 ut
1672 1072 1959 1127 nunciaret
1979 1074 2091 1126 Au-

348 1181 571 1246 ,gust0,
608 1170 902 1226 «nondum
942 1171 1095 1227 reddi
1133 1171 1335 1249 legata,
1375 1192 1495 1248 quae
1533 1169 1679 1247 plebi
1710 1169 2044 1245 reliquisset,
2067 1193 2093 1220 »

379 1280 676 1324 attractum
710 1270 779 1325 ad
807 1291 889 1341 se,
929 1271 1170 1348 recipere
1202 1271 1473 1340 debitum,
1508 1270 1744 1346 ducique
1785 1268 1854 1324 ad
1881 1267 2092 1344 suppli-

379 1369 524 1423 cium
560 1369 876 1445 imperavit,
909 1382 962 1425 et
991 1370 1136 1447 patri
1175 1390 1274 1425 suo
1304 1390 1496 1425 verum
1523 1368 1742 1424 referre.
1776 1368 1892 1424 Nec
1919 1365 2096 1421 multo

381 1480 504 1544 post
543 1469 600 1522 in
636 1481 828 1524 senatu
867 1468 1131 1546 Pompeio
1161 1468 1406 1540 cuidam,
1440 1468 1613 1544 equiti
1642 1471 1908 1536 romano,
1938 1464 2099 1541 quid-

379 1566 506 1623 dam
538 1569 889 1645 perneganti,
920 1568 1053 1624 dum
1083 1567 1302 1624 vincula
1332 1568 1594 1638 minatur,
1625 1566 1919 1622 affirmavit
1948 1565 2097 1634 fore,

380 1691 406 1719 «
425 1678 487 1722 ut
509 1688 575 1723 ex
594 1668 857 1744 Pompeio
873 1669 1239 1745 Pompeianus
1269 1668 1451 1740 fieret;
1468 1692 1494 1719 >³
1522 1667 1718 1722 acerba
1748 1663 2099 1721 cavillatione
2150 1726 2153 1728 v

380 1766 539 1822 simul
584 1768 823 1824 hominis
866 1789 1067 1824 nomen
1116 1769 1421 1842 incessens,
1458 1768 1809 1844 veteremque
1859 1766 2098 1842 partium

380 1866 676 1949 fortunam:

460 1970 661 2053 LVIII.
709 1970 824 2025 Sub
855 1969 1000 2025 idem
1023 1981 1265 2046 tempus,
1294 1968 1614 2026 consulente
1642 1980 1874 2046 praetore
1892 2009 1907 2039 ,
1933 1988 2002 2022 an
2017 1968 2103 2043 ju-

381 2067 522 2124 dicia
560 2069 857 2144 majestatis
899 2069 1020 2145 cogi
1051 2069 1294 2145 juberet,
1332 2068 1659 2125 exercendas
1693 2089 1808 2124 esse
1837 2066 1982 2144 leges
2020 2087 2104 2121 re·

381 2167 632 2244 spondit,
658 2181 713 2223 et
743 2170 1081 2224 atrocissime
1105 2171 1360 2225 exercuit.
1388 2173 1594 2225 Statuae
1616 2168 1840 2245 quidam
1865 2166 2102 2243 Augusti

381 2278 547 2344 caput
581 2266 881 2339 demserat,
910 2281 973 2324 ut
1006 2268 1231 2325 alterius
1262 2270 1588 2347 imponeret.
1626 2271 1764 2326 Acta
1805 2288 1892 2323 res
1929 2268 1987 2322 in
2022 2287 2104 2321 se·

382 2379 550 2439 nam,
587 2379 642 2422 et
682 2370 809 2444 quia
848 2351 1252 2447 ambigebatur,
1290 2389 1389 2445 per
1427 2380 1701 2425 tormenta
1745 2368 1968 2443 quaesita
2004 2377 2101 2421 est.

383 2470 662 2524 Damnato
695 2490 820 2541 re0,
853 2463 1120 2546 paulatim
1146 2471 1254 2524 hoc
1282 2489 1455 2546 genus
1475 2468 1760 2524 calumniae
1781 2488 1847 2522 eo
1881 2486 2103 2544 proces-

384 2568 484 2639 sit,
503 2580 565 2622 ut
588 2569 703 2623 haec
730 2589 950 2643 quoque
977 2568 1232 2644 capitalia
1254 2578 1433 2623 essent
1457 2590 1469 2623 :
1498 2569 1642 2623 circa
1668 2566 1904 2644 Augusti
1933 2567 2102 2621 simu-

384 2664 593 2721 lacrum
624 2687 843 2723 servum
876 2667 1130 2723 cecidisse
1150 2712 1164 2740 ,
1199 2669 1526 2724 vestimenta
1570 2679 1841 2739 mutasse,
1874 2685 2105 2721 nummo

384 2764 471 2821 vel
489 2765 690 2821 annulo
700 2766 938 2843 effigiem
967 2768 1288 2844 impressam
1325 2765 1537 2825 latrinae
1560 2779 1657 2823 aut
1679 2766 1930 2843 lupanari
1957 2767 2102 2820 intu-

387 2863 538 2937 lisse,
571 2865 779 2921 dictum
818 2866 995 2922 ullum
1026 2867 1304 2923 factumve
1332 2868 1451 2943 ejus
1487 2868 1890 2923 existimatione
1924 2863 2105 2940 aliqua

385 2963 598 3022 laesisse.
630 2967 800 3022 Periit
825 2967 1064 3043 denique
1091 2980 1146 3023 et
1179 2969 1252 3037 is,
1284 2968 1379 3043 qui
1395 2950 1662 3023 honorem
1689 2967 1745 3020 in
1765 2964 1980 3020 colOnia
2006 2983 2104 3018 sua

387 3064 581 3120 eodem
604 3066 712 3135 >die
744 3066 964 3121 decerni
994 3067 1096 3121 sibi
1133 3086 1323 3142 passus
1361 3078 1475 3135 est,
1515 3087 1627 3143 quo
1659 3056 1862 3122 decreti
1901 3075 1956 3119 et
1991 3065 2103 3118 Au·

388 3176 549 3238 gusto
580 3163 712 3219 olim
741 3177 915 3220 erant.

469 3266 611 3319 LIX.
660 3265 843 3320 Multa
892 3277 1182 3340 praeterea,
1229 3266 1406 3340 specie
1452 3266 1732 3341 gravitatis
1775 3285 1837 3319 ac
1887 3283 2101 3318 morum
