2372 3918
440 313 525 367 174
1102 309 1152 354 c.
1189 308 1480 355 sUE'rONH

435 425 661 491 pontum
694 412 1150 483 contabulaverit3
1176 413 1338 486 alios,
1370 427 1433 470 ut
1462 414 1815 470 Germaniam
1845 427 1898 471 et
1919 417 2133 473 Britan-

434 515 608 586 niam,
639 514 837 590 quibus
864 513 1209 586 imminebat,
1239 512 1466 592 alicujus
1497 515 1746 571 immensi
1777 517 1957 592 operis
1987 515 2131 572 fama

434 614 723 669 territaret.
759 612 867 670 Sed
898 632 1062 669 avum
1094 633 1278 669 meum
1304 626 1617 671 narrantem
1648 635 1786 691 puer
1814 614 2099 671 audiebam
2117 659 2131 688 ,

431 733 647 770 causam
687 714 865 793 operis
909 713 977 768 ab
1011 712 1360 769 interioribus
1406 712 1594 770 aulicis
1643 712 1949 791 proditam,
1985 714 2133 792 quod

430 811 742 890 Thrasyllus
776 811 1190 868 mathematicus
1209 856 1224 884 ,
1259 813 1420 869 anxio
1451 812 1518 869 de
1546 834 1853 871 successore
1882 815 2102 872 Tiberio
2121 861 2135 887 ,

433 925 487 968 et
514 914 570 968 in
594 932 786 968 verum
813 923 1067 990 nepotem
1094 913 1374 990 proniori,
1405 912 1749 985 affirmasset,
1772 939 1798 967 (ι
1816 915 1941 971 Non
1964 916 2137 993 magis

431 1013 626 1069 Caium
661 1013 1090 1089 imperaturum,
1127 1033 1290 1090 quam
1326 1034 1424 1091 per
1460 1014 1727 1071 Baianum
1766 1016 1946 1071 sinum
1984 1018 2138 1092 equis

432 1113 820 1169 discursurum.
844 1138 871 1167 »

508 1217 636 1271 XX.
668 1214 855 1270 Edidit
877 1226 931 1270 et
955 1235 1179 1292 peregre
1202 1214 1507 1292 spectacula
1530 1237 1543 1272 ε
1566 1216 1624 1272 in
1654 1216 1833 1273 Sicilia
1859 1219 2137 1294 Syracusis

433 1311 723 1369 iselasticos
757 1312 915 1369 ludos
937 1357 953 1384 ,
988 1326 1044 1370 et
1090 1315 1147 1369 in
1183 1314 1365 1371 Gallia
1411 1316 1672 1392 Lugduni
1707 1315 2013 1389 miscellos;
2045 1318 2138 1374 sed

430 1423 484 1467 et
518 1425 792 1468 certamen
830 1434 1050 1488 quoque
1101 1434 1289 1490 graecae
1337 1413 1631 1491 latinaeque
1678 1414 1946 1472 facundiae
1982 1438 1993 1472 :
2030 1439 2139 1492 quo

431 1508 771 1591 [certamine]
804 1511 987 1569 ferunt
1021 1513 1319 1569 victoribus
1359 1515 1582 1590 praemia
1611 1515 1782 1576 victos
1815 1515 2141 1586 contulisse,

431 1613 728 1668 eorundem
757 1625 810 1668 et
835 1612 1021 1669 laudes
1051 1634 1381 1690 componere
1411 1627 1656 1687 coactOS,
1686 1637 1776 1672 eos
1805 1629 2016 1683 autem,
2045 1618 2140 1693 qui

430 1713 662 1768 maxime
686 1696 1121 1788 displicuissent,
1153 1714 1353 1790 scripta
1385 1734 1481 1785 sua
1513 1716 1744 1792 spongia
1771 1714 2026 1794 linguave
2051 1717 2141 1771 de-

429 1811 539 1868 lere
560 1812 768 1889 juss08,
796 1813 901 1868 nisi
936 1811 1122 1869 ferulis
1153 1813 1431 1891 objurgari
1450 1857 1466 1887 ,
1501 1827 1600 1871 aut
1629 1815 1856 1872 flumine
1887 1818 2139 1894 proximo

432 1914 603 1990 mergi
636 1913 969 1969 maluissent.

508 2017 659 2070 XXI.
696 2010 883 2091 Opera
909 2015 1010 2071 sub
1042 2015 1261 2071 Tiberio
1287 2018 1658 2094 semiperfecta
1676 2062 1691 2091 ,
1724 2018 1990 2096 templum
2020 2021 2139 2075 Au-

434 2115 578 2191 gusti
611 2114 1000 2190 theatrumque
1032 2116 1314 2192 Pompeii,
1348 2116 1598 2173 absolvit.
1628 2119 1915 2173 Inchoavit
1955 2131 2139 2174 autem

429 2234 582 2288 aquae
612 2213 840 2269 ductum
877 2215 1101 2292 regione
1126 2215 1376 2286 Tiburti,
1401 2228 1454 2272 et
1486 2218 1947 2293 amphitheatrum
1977 2218 2138 2294 juxta

430 2314 596 2389 Septa
625 2334 636 2368 :
667 2334 905 2390 quorum
937 2336 1166 2392 operum
1201 2336 1231 2371 a
1262 2336 1572 2372 successore
1598 2318 1713 2393 ejus
1746 2316 1978 2373 Claudio
2009 2316 2141 2373 alte-

427 2433 551 2468 rum
583 2426 894 2490 peractum,
923 2416 1184 2471 omissum
1209 2414 1443 2471 alterum
1477 2428 1572 2471 est.
1600 2417 1880 2492 Syracusis
1904 2415 2141 2492 collapsa

425 2524 694 2569 vetustate
718 2515 942 2584 moenia,
962 2514 1300 2591 deorumque
1325 2514 1466 2570 aedes
1498 2514 1727 2570 refectae.
1752 2516 2141 2572 Destinaverat

425 2623 481 2667 et
509 2613 657 2669 Sami
684 2613 987 2690 Polycratis
1018 2615 1225 2691 regiam
1259 2616 1568 2687 restituere,
1599 2615 1777 2687 Mileti
1806 2615 2137 2693 Didymeum

424 2731 714 2789 peragere,
745 2713 802 2767 in
824 2713 958 2790 jugo
981 2709 1205 2790 Alpium
1236 2714 1428 2770 urbem
1454 2715 1720 2787 condere,
1748 2715 1842 2771 sed
1868 2728 1994 2772 ante
2022 2736 2140 2771 om-

424 2810 522 2865 nia·
551 2811 814 2867 isthmum
854 2813 911 2868 in
956 2812 1161 2870 Achaia
1195 2813 1513 2891 perfodere;
1556 2816 1883 2892 miseratque
1914 2817 2027 2893 jam
2069 2814 2139 2869 ad

424 2908 815 2969 dimetiendum
853 2933 992 2990 opus
1026 2913 1434 2990 primipilarem.

504 3013 687 3066 XXII.
729 3015 1006 3085 Hactenus
1049 3015 1203 3088 quasi
1250 3013 1318 3069 de
1371 3015 1618 3091 principe
1658 3036 1670 3070 τ
1717 3014 1925 3091 reliqua
1969 3026 2031 3069 ut
2072 3013 2139 3070 de

426 3121 676 3166 monstro
709 3111 985 3167 narranda
1015 3124 1158 3167 sunt.
1191 3112 1580 3189 Compluribus
1610 3114 2025 3193 cognominibus
2053 3135 2138 3169 as-

425 3209 618 3264 sumtis
653 3209 816 3288 (nam
854 3224 908 3266 et
944 3197 1070 3268 ems
1092 3254 1106 3281 ,
1142 3223 1195 3266 et
1235 3232 1578 3270 cAsTRoRUM
1614 3233 1826 3285 FILIUS,
1863 3225 1916 3268 et
1955 3234 2138 3271 PATER

426 3326 794 3365 EXERCITUUM
815 3352 829 3381 ,
863 3322 917 3365 et
948 3330 1195 3366 oPT1MUS
1229 3331 1494 3369 MAXIMUS
1528 3317 1730 3370 CAESAR
1767 3313 2136 3390 vocabatur),
