2372 3918
859 216 925 259 ΙΝ
962 214 1324 258 VITELLIUM.
1858 228 1948 275 297

298 313 491 372 Ingenii.
523 311 599 357 Sic
633 309 750 366 Dio,
783 324 891 366 ux,
922 324 968 369 p.
1002 307 1092 353 661
1137 323 1147 351 :
1181 316 1429 364 Βιτίλλιος....
1467 317 1555 365 τοὺς
1587 318 1725 365 ἄλλους
1758 316 1949 372 κολακείᾳ

234 394 540 453 ὑπερεῧοὶλλετο.

304 468 516 512 Instituit.
550 465 607 511 Id
645 480 759 511 vero
783 464 918 521 fecit,
945 471 999 508 ut
1038 476 1198 509 necem
1245 461 1500 523 effugeret,
1537 462 1739 507 docente
1771 462 1951 519 Dione,

233 545 341 589 ibid.
367 560 382 587 .·
407 544 534 601 Οὗτος
555 545 617 593 οὖν
643 551 662 592 ὂ
690 550 923 596 Βιτίλλιος...
949 549 985 589 ἰν
1010 548 1091 596 τοῖς
1116 547 1222 588 πάνυ
1245 546 1366 603 φίλοις
1389 547 1509 589 αὐτοῦ
1531 550 1778 604 νομισθῆναι.

306 622 485 666 Velato.
514 619 650 666 Ritus
684 633 869 664 causam
904 616 1082 661 indicat
1106 616 1408 673 Plutarchus,
1444 615 1621 673 Quoest.
1653 616 1816 671 Rom„
1856 632 1913 662 10
1939 634 1950 662 τ

234 694 270 745 li
301 710 621 752 ταπεινοῦντες...
643 703 720 746 ὑπὸ
744 706 814 744 τοῦ
846 700 1035 758 σώματος
1062 698 1274 757 ἐγκάλυψιν
1302 698 1373 742 καὶ
1402 698 1633 757 ἀπόκρυψιν.

304 775 753 832 Circumvertensque
781 785 846 814 se.
876 769 1112 815 Plutarch.
1142 768 1191 813 in
1221 769 1434 814 Marcell.
1448 803 1462 824 ‚
1489 784 1535 829 p.
1572 768 1660 815 301
1690 784 1702 813 ε
1728 778 1846 820 οὕτω
1874 777 1951 835 γὰρ

233 860 315 907 ἔθος
335 860 423 901 ἔστι
446 848 644 915 ῥωμαίοις
665 854 896 913 προσκυνεῖν
923 853 1014 902 τοὺς
1035 853 1158 902 Θεοὺς
1176 854 1560 911 περιστρεφομένοις.

303 927 620 972 Procumbens.
640 951 707 961 —
727 924 1029 970 Procumbere
1066 923 1280 968 solebant
1311 923 1515 969 Romani
1545 931 1654 983 post
1687 938 1848 969 omnes
1874 939 1954 969 ce-

231 1004 478 1050 remonias.
504 1002 571 1048 Cf.
601 1003 742 1059 va.,
778 1015 898 1058 xxx,
929 1000 1014 1058 16,
1039 1008 1098 1044 et·
1121 1002 1420 1056 Pmmoe„
1453 999 1503 1045 in
1540 1000 1727 1054 Numa,
1762 1015 1809 1060 p.
1846 1016 1907 1057 70
1940 1017 1951 1044 :

232 1090 286 1130 Τὸ
313 1084 362 1130 δὲ
387 1087 659 1137 καθίζεσθαι...
685 1085 756 1128 καὶ
781 1085 926 1141 σχολὴν
954 1085 1132 1142 ἄγωμεν·

301 1157 441 1217 Soepe
456 1154 782 1215 facias-‚2Vox
813 1152 1080 1199 adulatoria
1106 1152 1152 1197 h.
1191 1153 1221 1200 l.
1263 1169 1274 1196 ε
1311 1152 1370 1198 de
1407 1151 1610 1199 fornmla
1637 1168 1770 1214 soepe
1784 1151 1951 1211 facias

230 1233 353 1279 inter
375 1232 586 1279 solennia
608 1240 747 1288 vota,
769 1230 878 1276 vide
910 1233 1153 1285 Blussou„
1178 1230 1238 1274 de
1261 1231 1414 1275 Form.
1427 1264 1443 1286 ‚
1477 1245 1602 1288 viu,
1633 1246 1681 1291 p.
1714 1245 1819 1288 7²1·

297 1313 406 1357 Cn.
433 1311 520 1356 111.
547 1310 695 1354 Filiis.
725 1307 833 1355 scil.
860 1309 988 1354 Aulo
1012 1316 1058 1352 et
1082 1306 1250 1353 Lucio.

300 1388 532 1434 Consules.
557 1388 615 1433 A.
640 1387 700 1433 U.
728 1384 838 1431 801.

296 1464 511 1510 Pietatis.
548 1461 656 1510 scil.
682 1471 934 1524 postquam
967 1462 1184 1521 majestas
1218 1461 1350 1522 prius
1386 1462 1556 1522 populi
1590 1464 1804 1520 romani,
1836 1480 1950 1510 mox

231 1541 370 1587 etiam
400 1540 600 1587 deorum
623 1540 673 1585 in
695 1539 934 1601 principes
965 1540 1134 1584 collata
1157 1538 1309 1584 fuerat
1326 1573 1339 1597 ,
1352 1539 1434 1598 pii
1459 1547 1592 1584 erant
1625 1539 1747 1584 servi
1767 1541 1951 1601 princi-

226 1634 368 1678 pum;
393 1619 533 1679 impii
559 1618 643 1679 qui
667 1617 954 1676 majestatem
983 1631 1146 1661 eorum
1178 1615 1342 1661 laesisse
1365 1615 1663 1661 videbantur.

299 1696 582 1740 Consulibus.
614 1698 669 1741 A.
695 1696 753 1741 U.
784 1694 892 1752 768.

294 1775 575 1817 Lamentata
591 1772 662 1816 sit.
689 1771 758 1816 Cf.
777 1773 968 1828 Tmrr„
994 1771 1135 1828 Helva,
1161 1785 1201 1815 11
1218 1805 1231 1827 ‚
1255 1769 1314 1824 64
1343 1786 1391 1814 z«
1413 1770 1596 1816 Dixisse
1620 1772 1736 1832 quin
1761 1771 1948 1818 etiam...

226 1849 381 1896 sensit.
404 1870 423 1890 »

293 1930 687 1972 Incrementorum
707 1926 853 1986 patri.
879 1926 1031 1970 Intell.
1065 1932 1118 1969 ut
1148 1933 1285 1985 pater
1309 1924 1371 1969 ad
1404 1923 1560 1971 officia
1589 1929 1946 1986 proveheretur.

294 2004 399 2049 Cam.
429 2004 511 2048 IV.
542 2003 798 2064 Acceptior.
826 2002 896 2047 Cf.
929 2003 1121 2058 TAcrr„
1145 2001 1224 2046 tib.
1257 2016 1383 2062 sup.‚
1411 2018 1485 2059 71.

292 2079 402 2126 Cu.
430 2081 489 2124 V.
515 2080 801 2139 Principum.
827 2078 934 2124 Scil.
961 2078 1205 2139 Caligulae,
1230 2077 1413 2125 Claudii
1445 2088 1491 2123 et
1519 2080 1732 2127 Neronis.

291 2156 532 2201 Praestitit.
564 2155 736 2212 Tacit.‚
776 2156 893 2200 Hist.
911 2189 925 2210 ‚
963 2171 1030 2213 11,
1063 2171 1123 2215 97
1159 2171 1170 2198 :
1204 2156 1482 2218 «Integrum
1506 2155 1601 2203 illic
1624 2172 1678 2203 ac
1700 2158 1944 2207 favorabi-

224 2235 316 2278 lem
347 2234 732 2294 proconsulatum
762 2232 978 2278 Vitellius
1003 2241 1175 2294 egerat.
1195 2253 1214 2273 »

296 2310 583 2356 Continuato.
608 2310 797 2354 Mallem
829 2325 839 2352 ε
865 2311 1092 2354 continuo.

290 2387 398 2432 Cn.
424 2388 503 2431 VI.
532 2387 817 2430 Petroniam.
845 2387 1024 2447 Nempe
1054 2384 1197 2431 filiam
1219 2388 1268 2432 P.
1294 2386 1503 2431 Petronii
1539 2388 1817 2450 Turpiliani.

294 2463 547 2508 Galeriam.
578 2462 731 2523 Hujus
763 2463 1049 2509 mentionem
1071 2463 1247 2508 habent
1277 2462 1455 2521 Tacit.,
1486 2464 1632 2519 mse„
1667 2482 1732 2524 u,
1768 2467 1831 2512 60
1851 2502 1864 2525 ‚
1897 2479 1942 2514 et

221 2539 426 2600 Xiphil.,
450 2555 566 2597 va,
597 2555 643 2600 p.
682 2537 789 2598 735.

286 2617 486 2663 Marem.
517 2618 673 2673 Quem
701 2605 1027 2662 Germanicum
1050 2618 1302 2678 appellavit
1335 2619 1483 2665 Tacit.
1501 2655 1513 2677 ,
1542 2620 1679 2675 ibid„
1707 2622 1784 2684 69.

293 2694 398 2738 Cn.
425 2695 533 2738 VII.
567 2695 614 2738 T.
650 2694 784 2739 Vinii.
823 2693 943 2740 Vide
969 2695 1103 2741 Galb,
1122 2729 1132 2747 ,
1161 2711 1256 2742 κεν.

289 2770 522 2815 Factionis
538 2780 735 2816 venetoe.
773 2770 1057 2832 Aurigarum
1081 2772 1223 2818 factio
1239 2809 1251 2831 ‚
1276 2785 1446 2818 veneta
1472 2774 1773 2825 denominata
1808 2794 1832 2823 a
1858 2795 1941 2823 ve-

219 2853 355 2903 neto,
378 2846 423 2892 h.
453 2862 492 2892 e.
526 2847 724 2892 caeruleo
749 2848 920 2894 colore.

282 2924 545 2969 Ablocaret.
578 2923 773 2981 Melius,
804 2933 858 2970 ut
882 2926 1087 2985 opinor:
1120 2928 1363 2973 ablocarc‘t.

284 3000 613 3060 Pigneraven‘t.
637 3001 908 3061 Legendum
937 3011 1057 3063 puto
1083 3019 1093 3048 t
1113 3006 1392 3066 pignerat-it.

283 3080 620 3122 Intervenerat.
648 3079 704 3123 H.
736 3094 775 3123 e.
802 3077 850 3123 in
879 3079 1090 3139 privatos
1121 3097 1231 3126 usus
1255 3087 1475 3128 'vertex-at.

286 3155 616 3199 For-mularum.
645 3155 927 3201 intendisset.
962 3158 1019 3202 H.
1045 3174 1081 3203 e.
1121 3158 1349 3203 actionem
1388 3159 1620 3205 movisset.
1654 3159 1776 3205 Vide
1809 3177 1936 3222 sup.,

220 3232 379 3276 Claud.
398 3264 411 3284 ,
440 3247 535 3275 xiv.
