2372 3918
911 260 1363 308 vsssrastmus.
1960 255 2020 311 ω

280 374 486 446 fuerat,
510 370 912 450 Vespasianum
937 363 1197 424 laudibus
1222 363 1463 437 ferrent3
1486 382 1768 420 assensere
1797 364 2020 430 cuncti,

281 493 595 551 nomenque
615 472 734 551 ejus
764 466 977 527 vexillis
994 466 1255 524 omnibus
1276 466 1397 522 sine
1423 484 1579 521 mora
1600 464 2017 541 inscripserunt.

280 578 351 632 Et
373 587 507 633 tunc
534 572 757 651 quidem
781 588 1096 647 compressa
1118 588 1205 624 res
1233 577 1316 625 est
1333 563 1359 638 ,'
1379 565 1648 622 revocatis
1672 563 1742 620 ad
1776 563 2022 620 officium

282 674 527 732 numeris
558 691 874 751 parumper.
911 671 1206 739 Ceterum,
1250 664 1538 745 divulgato
1561 664 1707 721 facto
1727 706 1745 736 ,
1769 664 2025 721 Tiberius

282 773 609 847 Alexander,
644 771 929 851 praefectus
962 770 1184 850 AEgypti
1204 812 1219 841 ,
1256 768 1467 846 primus
1511 767 1569 823 in
1598 765 1767 822 verba
1810 767 2026 841 Vespa-

283 878 422 934 siani
477 874 717 955 legiones
774 873 963 952 adegit
1005 871 1254 930 kalendis
1291 868 1446 949 juliis
1487 890 1501 926 :
1537 867 1634 947 qui
1682 867 2029 946 principatus

282 977 397 1034 dies
433 978 490 1034 in
522 988 805 1056 posterum
841 975 1165 1032 observatus
1198 985 1298 1031 est.
1338 976 1368 1030 J
1376 971 1606 1029 udaicus
1635 967 1837 1025 deinde
1872 988 2027 1024 exer·

286 1080 437 1158 citus·
462 1079 662 1155 quinto
695 1077 818 1134 idus
844 1075 1012 1156 julias
1041 1074 1192 1154 apud
1238 1076 1421 1153 ipsum
1448 1072 1678 1151 juravit.
1712 1068 2026 1128 Plurimum

283 1179 480 1258 coeptis
510 1177 871 1236 contulerunt
907 1179 1176 1257 jactatum
1211 1173 1492 1253 exemplar
1533 1170 1815 1252 epistolae,
1862 1191 2033 1241 verae,

281 1282 395 1338 sive
426 1279 606 1354 falsae,
640 1280 885 1338 defuncti
917 1281 1161 1338 Othonis
1197 1278 1269 1335 ad
1307 1276 1743 1354 Vespasianum,
1786 1285 2031 1330 extrema

285 1382 654 1439 obtestatione
679 1380 947 1439 ultionem
975 1381 1323 1451 mandantiS,
1351 1392 1407 1436 et
1425 1422 1440 1451 ,
1464 1391 1527 1435 ut
1558 1374 1875 1456 reipublicae
1904 1374 2036 1431 sub-

286 1484 533 1557 veniret,
584 1484 830 1562 optantis
866 1504 879 1540 :
920 1481 1085 1540 simul
1120 1502 1312 1539 rumor
1355 1481 1686 1558 dissipatus,
1731 1477 2034 1534 destinasse

285 1587 556 1642 victorem
580 1584 869 1642 Vitellium
891 1597 1209 1664 permutare
1236 1583 1471 1640 hiberna
1499 1581 1810 1660 legionum,
1843 1591 1898 1635 et
1919 1598 2041 1656 ger·

287 1687 530 1744 manicas
572 1686 876 1743 transferre
912 1687 969 1742 in
1017 1687 1306 1742 Orientem
1347 1684 1416 1741 ad
1449 1684 1784 1740 securiorem
1820 1678 2037 1738 mollio-

287 1808 513 1864 remque
541 1786 799 1844 militiam
833 1808 846 1843 :
873 1799 1136 1865 praeterea
1171 1807 1238 1843 ex
1268 1784 1591 1865 praesidibus
1620 1783 2038 1861 provinciarum

286 1888 532 1945 Licinius
554 1889 848 1946 Mucianus
862 1933 878 1960 ,
898 1900 954 1945 et
973 1908 1003 1945 e
1033 1887 1257 1966 regibus
1285 1883 1595 1966 Vologesus
1615 1884 1887 1952 Parthus,
1913 1881 2005 1939 ille
2023 1924 2040 1955 ,

287 1989 539 2068 deposita
587 1989 893 2064 simultate,
939 2011 1108 2069 quam
1138 1991 1193 2046 in
1232 1989 1290 2046 id
1334 2002 1551 2067 tempus
1583 2007 1651 2044 ex
1684 1984 2041 2043 aemulatione

289 2112 406 2148 non
439 2092 674 2151 obscure
699 2093 950 2172 gerebat,
987 2094 1262 2172 syriacum
1288 2082 1553 2170 'promisit
1586 2089 1924 2160 exercitum3
1951 2086 2043 2143 hic

291 2193 657 2273 quadraginta
691 2193 865 2251 millia
894 2195 1325 2274 sagittariorum.

372 2297 502 2352 VII.
554 2298 826 2374 Suscepto
863 2296 1033 2374 igitur
1074 2294 1221 2352 civili
1250 2294 1438 2367 bello,
1475 2315 1538 2352 ac
1572 2294 1807 2351 ducibus
1842 2292 2044 2371 copiis-

289 2417 399 2475 que
425 2398 478 2454 in
507 2395 724 2453 Italiam
759 2397 1081 2476 praemissiS,
1109 2398 1331 2453 interim
1365 2394 1758 2454 Alexandriam
1790 2394 2044 2462 transiit,

293 2510 355 2556 ut
385 2497 625 2556 claustra
657 2499 879 2578 AEgypti
911 2499 1205 2556 obtineret.
1237 2499 1342 2555 Hic
1366 2518 1539 2574 quum
1571 2495 1639 2553 de
1661 2495 1920 2552 firmitate
1947 2474 2059 2550 im:

295 2601 432 2679 perii
478 2613 742 2680 capturus
787 2602 1127 2679 auspicium,
1172 2599 1347 2658 aedem
1393 2599 1709 2677 SerapidiS,
1753 2598 2046 2655 summotis

295 2702 588 2772 omnibus,
630 2701 778 2759 solus
818 2704 1104 2775 intrasset,
1149 2722 1245 2774 ac,
1295 2702 1600 2781 propitiato
1630 2698 1868 2757 multum
1908 2697 2047 2769 deu,

296 2803 519 2860 tandein
558 2825 615 2860 se
650 2804 1046 2874 convertisset,
1078 2804 1345 2860 verbenas
1375 2823 1721 2880 coronasque
1751 2814 1805 2858 et
1850 2799 2048 2878 panifi-

298 2905 380 2961 cia
403 2947 417 2977 ,
444 2917 505 2961 ut
542 2903 655 2962 illic
688 2903 919 2973 assolet,
950 2903 1220 2962 Basilides
1257 2902 1488 2961 libertus
1520 2903 1787 2961 obtulisse
1813 2903 1858 2959 ei
1898 2902 2047 2957 visus

296 3018 380 3062 est
405 3026 417 3062 ε
448 3026 613 3083 quem
635 3026 817 3083 neque
845 3006 1151 3063 admissum
1183 3027 1215 3062 a
1249 3026 1531 3083 quoquam
1554 3048 1568 3073 ,
1598 3018 1654 3062 et
1685 3007 1796 3082 jam
1829 3003 2046 3082 pridem

301 3119 531 3185 propter
580 3128 878 3164 nervorum
925 3106 1297 3165 valetudinem
1335 3108 1427 3163 vix
1474 3106 1719 3185 ingredi,
1772 3104 2048 3182 longeque

301 3208 522 3278 abesse,
576 3210 884 3267 constabat.
939 3213 1017 3267 Ac
1070 3210 1256 3267 statim
1299 3208 1589 3265 advenere*
1629 3205 1853 3274 litterae,
1906 3204 2050 3262 fusas

305 3308 451 3387 apud
485 3312 816 3367 Cremonam
862 3309 1071 3368 Vitellii
1103 3312 1325 3389 copias,
1359 3311 1537 3388 ipsum
1582 3311 1638 3365 in
1680 3308 1835 3365 Urbe
1880 3309 2052 3363 iuter-
