2372 3918
828 226 876 270 C.
914 225 1129 270 JULIUS
1163 224 1386 270 CAESAR.
1907 222 1966 276 45

264 348 400 404 quos
425 331 642 387 sinistra
668 350 833 387 manu
856 329 1102 398 tenebat,
1125 330 1279 405 quasi
1300 348 1425 385 mox
1441 326 1705 398 lecturuS,
1727 326 1974 383 commis·

264 430 393 485 cuit.
413 431 554 486 Dein
571 428 818 508 pluribus
845 429 1035 485 hostiis
1064 429 1238 499 caesiS,
1257 448 1428 505 quum
1448 426 1603 482 litare
1627 448 1736 482 non
1768 439 1970 504 posset,

265 530 472 586 introiit
502 531 706 587 curiam
738 542 918 607 spreta
948 528 1703 607 religione,'Spurinnamque
1724 528 1971 598 irridenS,

262 643 317 687 et
342 643 404 688 ut
432 630 628 688 salsum
661 652 893 709 arguens
915 675 929 704 ,
970 630 1118 708 quod
1152 633 1266 686 sine
1296 629 1409 686 ulla
1439 649 1580 685 noxa
1615 627 1736 684 idus
1766 630 1972 684 martiae

260 731 504 789 adessent
533 754 545 788 ε
579 753 892 810 quanquam
922 733 966 788 is
996 733 1203 788 venisse
1238 731 1460 808 quidem
1490 751 1578 786 eas
1611 728 1843 801 diceret,
1878 728 1972 784 sed

262 852 370 887 non
401 834 714 909 praeterisse.

340 934 620 989 LXXXII.
652 932 993 989 Assidentem
1041 932 1366 1010 conspirati,
1409 932 1584 1009 specie
1629 930 1823 1001 officii,
1869 932 1974 985 cir-

260 1044 657 1089 cumsteterunt
690 1055 702 1089 :
734 1032 989 1111 illicoque
1009 1034 1233 1090 Cimber
1252 1031 1473 1105 Tillius,
1499 1033 1595 1108 qui
1623 1033 1826 1109 primas
1849 1053 1975 1108 par-

262 1145 339 1188 tes
391 1146 722 1211 susceperat,
763 1136 916 1211 quasi
964 1134 1171 1211 aliquid
1212 1146 1502 1211 rogaturus
1538 1134 1764 1210 propius
1801 1154 1976 1188 acces-

262 1233 353 1304 sit3
388 1235 747 1312 renuentique
781 1246 834 1291 et
873 1248 1027 1313 gestu
1060 1235 1116 1290 in
1155 1233 1305 1290 aliud
1342 1247 1558 1311 tempus
1602 1233 1876 1289 differenti
1908 1234 1974 1287 ab

263 1345 497 1411 utroque
525 1335 756 1391 humero
777 1348 961 1414 togam
981 1336 1342 1414 apprehendit
1374 1357 1385 1391 :
1409 1335 1603 1390 deinde
1629 1334 1975 1403 clamantem,

262 1458 289 1485 «
310 1437 419 1490 Ista
450 1435 673 1511 quidem
703 1437 786 1492 vis
832 1449 981 1508 est,»
1019 1436 1155 1493 alter
1190 1457 1219 1492 e
1256 1438 1453 1494 Cassiis
1493 1456 1744 1491 aversum
1787 1433 1978 1489 vulne-

262 1546 375 1606 rat,
403 1533 629 1611 paulum
661 1535 802 1592 infra
828 1536 1102 1614 jugulum.
1140 1538 1322 1592 Caesar
1359 1537 1532 1593 Cassii
1572 1535 1857 1590 brachium
1890 1555 1977 1589 ar-

261 1646 478 1711 reptum
503 1636 732 1712 graphio
765 1637 1008 1713 trajecit;
1036 1649 1376 1712 conatusque
1405 1636 1655 1712 prosilire
1674 1679 1689 1706 ,
1714 1636 1820 1690 alio
1851 1634 1974 1690 vul-

262 1755 391 1790 nere
419 1735 780 1807 tardatusest.
802 1739 987 1814 thue
1010 1737 1426 1806 animadvertit,
1458 1736 1699 1813 undique
1733 1757 1787 1791 se
1819 1737 1977 1791 stric-

263 1835 329 1890 tis
359 1835 691 1913 pugionibus
721 1838 859 1914 peti,
889 1850 1015 1915 toga
1046 1850 1211 1915 caput
1240 1835 1486 1893 obvolvit
1519 1859 1531 1892 :
1563 1836 1725 1893 simul
1761 1837 1979 1891 sinistra

262 1956 428 1991 manu
459 1937 641 1992 sinum
671 1938 741 1993 ad
771 1938 879 1994 ima
907 1959 1071 1994 crura
1094 1937 1353 2008 deduxit,
1374 1959 1484 2015 quo
1507 1938 1790 1994 honestius
1821 1936 1977 1992 cade-

263 2048 373 2109 ret,
401 2039 563 2093 etiam
587 2038 845 2095 inferiore
876 2040 1120 2116 corporis
1152 2035 1312 2116 parte¹
1337 2039 1530 2095 velata.
1563 2042 1743 2115 Atque
1778 2039 1854 2094 ita
1888 2039 1984 2094 tri-

262 2137 365 2192 bus
397 2149 450 2193 et
498 2139 692 2214 viginti
738 2138 910 2216 plagis
955 2140 1237 2196 confossus
1271 2152 1385 2212 est,
1419 2162 1532 2196 uno
1562 2140 1726 2196 modo
1768 2139 1837 2194 ad
1872 2139 1984 2215 pri-

263 2258 415 2292 mum
461 2237 630 2293 ictum
675 2240 883 2315 gemitu
940 2240 1055 2295 sine
1102 2261 1233 2295 voce
1268 2240 1451 2311 edit03
1496 2242 1596 2296 etsi
1635 2239 1983 2296 tradiderunt

262 2336 507 2414 quidam,
539 2340 617 2393 M.
649 2341 822 2395 Bruto
855 2340 1083 2395 irruenti
1119 2340 1340 2413 dixisse,
1372 2344 1481 2398 Καὶ
1517 2344 1582 2398 σὺ
1620 2340 1802 2398 τέκνον.
1847 2343 1987 2397 Exa-

262 2439 454 2511 nimis,
499 2438 912 2517 diffugientibus
952 2442 1188 2512 cunctiS,
1227 2441 1543 2519 aliquandiu
1575 2443 1775 2518 jacuit,
1809 2439 1983 2496 donec

262 2538 468 2597 lecticae.
511 2542 861 2617 impositum,
908 2542 1251 2619 dependente
1297 2543 1557 2614 brachiO,
1619 2555 1727 2598 tres
1781 2539 1983 2597 servuli

265 2638 489 2695 domum
524 2640 849 2697 retulerunt.
883 2645 1002 2701 Nec
1039 2644 1096 2699 in
1129 2655 1210 2699 tot
1250 2642 1593 2715 vulneribus,
1627 2656 1690 2699 ut
1718 2643 1986 2699 Antistius

265 2739 505 2795 medicus
523 2741 889 2815 existimabat,
906 2741 1067 2798 letale
1088 2742 1261 2799 ullum
1285 2757 1564 2821 repertum
1580 2756 1660 2799 est
1675 2789 1688 2815 ,
1714 2744 1817 2798 nisi
1837 2742 1987 2819 quod

264 2838 505 2894 secundo
537 2838 657 2894 loco
702 2840 758 2894 in
790 2852 1010 2918 pectore
1041 2855 1336 2918 acceperat.
1373 2847 1572 2899 Fuerat
1607 2843 1823 2898 animus
1857 2862 1987 2896 con-

260 2938 480 3016 juratiS,
502 2960 699 3016 corpus
721 2941 882 2996 occisi
906 2941 960 2995 in
982 2941 1223 2996 Tiberim
1243 2942 1484 3014 trahere,
1512 2943 1657 2998 bona
1683 2941 1986 3019 publicare,

266 3050 386 3094 acta
419 3038 728 3095 rescindere
761 3061 773 3095 :
808 3039 899 3095 sed
937 3053 1086 3097 metu
1119 3042 1196 3096 M.
1240 3042 1467 3097 Antonii
1500 3041 1739 3098 consulis
1774 3054 1828 3097 et
1874 3060 1987 3095 ma·-

267 3140 422 3217 gistri
455 3140 698 3216 equitum
730 3140 947 3218 Lepidi,
980 3140 1319 3198 destiterunt.

349 3242 664 3296 LXXXIII.
696 3239 1014 3299 Postulante
1045 3262 1177 3320 ergo
1208 3244 1269 3299 L.
1319 3243 1515 3298 Pisone
1562 3262 1775 3313 socero,
1821 3252 1980 3298 testa·
