2372 3918
355 281 447 329 224
1137 273 1327 319 NOTAE

356 381 458 416 rcnt
476 407 489 428 ,
516 383 814 430 numeroque
844 377 890 414 et
924 369 1101 414 robore
1134 378 1179 413 et
1201 368 1306 414 visu
1329 369 1453 416 inter
1476 386 1525 416 se
1553 367 1728 415 fiducia
1761 368 1901 431 ipsis,
1932 370 1983 417 in
2014 389 2095 420 ce..

355 456 482 492 teros
500 455 654 492 metus
678 443 929 492 crearetur.
963 466 979 485 n

424 523 594 584 Capita
602 523 890 582 factionum.
917 524 975 568 H.
1004 539 1043 568 e.
1072 522 1313 583 principes
1340 522 1615 569 factionum.

361 651 370 658 ,
425 601 678 662 Relegavit.
708 601 765 645 A.
792 600 850 646 U.
880 598 1000 658 776,
1029 614 1089 645 ex
1121 599 1270 645 Tacit.
1295 602 1502 654 AnnaL,
1529 616 1596 656 1v,
1628 606 1699 654 14.

423 677 711 722 Pollentina.
737 671 912 738 Agitur
936 676 996 722 de
1018 675 1273 735 Pollentia,
1286 674 1431 734 juxta
1463 679 1616 738 Alpes
1632 710 1648 731 ,
1675 684 1779 722 test.
1811 676 1950 734 Plin.,
1977 694 2096 738 vn1,

356 755 440 812 48,
469 763 516 800 et
543 756 740 813 Cellar.,
778 755 946 815 Geogr.
974 758 1084 802 Ant.
1100 786 1116 808 ,
1143 769 1214 811 11,
1238 769 1285 815 9,
1311 770 1358 814 p.
1386 752 1497 816 659.

421 835 465 878 A
506 833 650 879 Cottii
675 848 833 894 regno.
875 834 917 876 A
951 847 1050 892 quo
1081 833 1235 892 Alpes
1272 831 1438 877 Cottc'oe
1476 831 1772 877 dicebantur.
1805 830 2066 877 Marcellin.
2083 865 2097 888 ,

352 926 431 968 xv,
469 926 522 955 ιο
550 927 559 956 :
594 919 614 951 «'
632 911 690 954 In
711 909 784 954 his
807 909 1013 969 Alpibus
1047 908 1234 963 Cottas,
1262 924 1466 969 quarum
1488 908 1677 953 initium
1705 917 1773 954 est
1793 923 1821 953 a
1842 907 2097 969 Segasione

353 987 561 1048 oppido,
576 979 851 1048 praecelsum
877 985 1076 1048 erigitur
1094 986 1290 1048 jugum,
1315 986 1555 1032 nulli-fere
1578 985 1678 1032 sine
1713 984 1985 1031 discrimine
2007 993 2097 1046 pe-

351 1064 597 1126 netrabile.
627 1084 646 1104 »
675 1063 746 1109 Cf.
773 1065 1007 1122 eumn„
1030 1063 1113 1108 ub.
1139 1078 1273 1124 sup.,
1295 1079 1343 1123 p.
1380 1063 1491 1122 647.

344 1193 346 1195 ,
368 1180 371 1183 v
421 1153 621 1198 Ademit.
644 1150 739 1197 Dio
754 1186 766 1209 ,
791 1167 923 1209 LVII,
946 1167 995 1212 p.
1026 1150 1124 1213 619
1150 1168 1161 1195 τ
1184 1157 1271 1201 Καὶ
1290 1159 1524 1208 Κυζικηνῶν
1547 1162 1574 1208 ἡ
1599 1158 1798 1216 ἐλευθερία
1823 1153 1950 1210 αὖθις,
1973 1157 2035 1200 ὅτι
2050 1174 2097 1200 τε

350 1227 559 1294 ῥωμαίους
595 1233 707 1285 τινὰς
735 1231 906 1288 ἔδησαν,
936 1234 1007 1278 καὶ
1037 1235 1098 1278 ὅτι
1125 1234 1197 1278 καὶ
1230 1236 1277 1278 τὸ
1304 1237 1446 1294 ἡρῶον,
1475 1237 1575 1293 ὃτῷ
1606 1237 1828 1293 Αὐγούστῳ
1866 1236 1993 1278 ποιεῖν
2029 1236 2098 1293 ἧρ-

352 1314 486 1366 ξαντο,
511 1315 581 1355 οὐκ
608 1311 857 1365 ἐξετέλεσαν,
880 1312 1075 1369 ἀφῃρήθη.
1100 1305 1170 1351 Cf.
1195 1307 1358 1351 TACIT.
1377 1340 1391 1363 ,
1422 1308 1627 1360 Annal.,
1654 1321 1721 1363 IV,
1748 1304 1824 1350 36.

420 1393 778 1438 Maroboduum.
816 1393 1239 1439 Marcomanorum
1274 1410 1359 1439 rex
1395 1394 1485 1439 fuit
1517 1410 1528 1437 τ
1562 1393 1715 1439 victus
1746 1401 1815 1438 est
1845 1393 1906 1438 ab
1937 1384 2096 1438 Armi-

349 1472 431 1517 nio
456 1475 512 1517 A.
539 1473 598 1517 U.
635 1485 757 1528 770,
782 1477 887 1515 test.
917 1469 1065 1515 Tacit.
1076 1473 1317 1529 ,.‚Annal
1344 1487 1415 1530 11,
1442 1471 1526 1530 463
1551 1472 1764 1523 desertus
1788 1486 1816 1515 a
1842 1468 1938 1515 suis
1951 1472 2009 1515 A.
2033 1471 2092 1517 U.

355 1564 449 1607 772
474 1548 537 1594 ad
559 1547 808 1593 Tiberium
831 1546 1074 1609 confugit,
1105 1549 1255 1594 Tacit.
1280 1549 1361 1594 ub.
1388 1566 1490 1611 sup.
1517 1548 1683 1596 62-63.

421 1637 776 1697 Rhascupolim.
793 1638 866 1681 De
890 1652 994 1697 quo
1014 1637 1136 1683 Vell.
1152 1653 1254 1696 ,11,
1285 1653 1415 1699 129:
1442 1658 1462 1679 «
1478 1641 1585 1697 Qua
1595 1637 1675 1682 illa
1692 1634 1946 1696 prudentia
1959 1636 2098 1683 Rha-

351 1708 606 1775 scupolim,
627 1713 1020 1773 interemptorem
1043 1673 1201 1759 fratr'is
1225 1714 1299 1760 sui
1320 1714 1408 1760 filii
1424 1716 1597 1776 Cotys,
1622 1710 1952 1773 consortisque
1975 1711 2099 1772 ejus-

352 1791 462 1837 dem
483 1789 672 1851 imperii
702 1787 933 1836 evocavit.
962 1789 1203 1851 Singulari
1232 1791 1283 1835 in
1310 1797 1368 1837 eo
1398 1790 1595 1854 negotio
1624 1806 1737 1835 usus
1769 1804 1917 1849 opera
1939 1789 2096 1836 Flacci

350 1866 625 1928 Pomponii,
671 1866 934 1912 'consularis
978 1867 1100 1926 viri,
1137 1867 1236 1912 nati
1274 1868 1338 1914 ad
1375 1867 1532 1914 omnia
1568 1883 1674 1928 quae
1706 1874 1836 1911 recte
1880 1864 2098 1912 facienda

353 1954 476 1990 sunt.
503 1965 522 1985 υ
556 1944 626 1990 Cf.
653 1946 846 2002 Taena,
869 1944 951 1989 ub.
977 1947 1110 2005 sup.',
1136 1945 1312 2002 64-67.

427 2033 731 2077 Archelaum.
756 2032 878 2091 Dio,
903 2049 1035 2090 LVII,
1059 2048 1108 2092 p.
1139 2032 1235 2088 614
1263 2050 1273 2077 :
1299 2041 1375 2083 Τὸν
1402 2035 1453 2082 δὲ
1481 2036 1537 2087 δὴ
1556 2033 1762 2099 Ᾱρχέλαον
1787 2041 1855 2083 τὸν
1879 2045 1954 2090 τῆς
1971 2043 2097 2084 Καπ-

350 2113 559 2166 παδοκίας
587 2114 762 2159 ἕασιλέα
788 2113 844 2158 δι’
870 2118 984 2174 ὀργῆς
1008 2117 1130 2172 σχὼν,
1153 2117 1215 2159 ὅτι
1239 2119 1362 2160 αὐτοῦ
1392 2116 1463 2174 μὲν
1491 2120 1528 2166 ἐς
1550 2119 1620 2164 τὴν
1642 2109 1768 2160 ῥόδον
1794 2117 1972 2166 ἐλθόντος
1995 2117 2098 2175 ἦμέ-

350 2201 448 2240 λησε
463 2227 473 2246 ,
504 2195 570 2236 τὸν
598 2190 647 2235 δὲ
679 2194 797 2236 Γάϊον
829 2196 865 2243 ἐς
880 2194 952 2240 τὴν
969 2185 1100 2236 Ᾱσίαν
1120 2194 1286 2236 ἐλθόντα
1310 2193 1574 2251 ἐθεράπευσε,
1604 2192 1926 2252 μετεπέμψατο,
1952 2192 2004 2243 ὣς
2023 2191 2097 2237 καὶ

350 2270 632 2327 νεωτερίζοντα
653 2287 715 2322 τι,
738 2270 808 2312 καὶ
841 2276 893 2327 τῇ
916 2275 987 2318 τῆς
1007 2271 1218 2328 γερουσίας
1239 2269 1355 2328 ψήφῳ
1386 2266 1642 2327 παρέδωκεν.
1669 2263 1738 2308 Cf·
1765 2264 1963 2320 Taena,
1984 2264 2095 2308 An·-

352 2342 449 2384 nal.
462 2373 478 2395 ,
505 2356 569 2397 11,
605 2347 679 2394 42.

419 2428 628 2490 Redegit.
658 2427 779 2485 Dio,
807 2428 836 2471 l.
864 2443 904 2471 c.
931 2445 942 2472 τ
963 2414 1075 2477 χ’Κόὶκ
1102 2437 1243 2479 τούτου
1259 2435 1331 2479 καὶ
1352 2439 1378 2484 ἡ
1396 2431 1692 2479 Καππαδοκία
1716 2441 1794 2478 τῶν
1827 2453 1874 2479 τε
1894 2427 2092 2497 ῥωμαῖων

351 2513 520 2569 ἐγένετο
545 2511 621 2555 καὶ
645 2513 765 2554 ἱππεῖ
789 2512 1013 2569 ἐπετράπη.
1817 2547 1820 2550 .
1967 2564 1970 2567 ⁴

420 2593 531 2637 CA».
567 2594 853 2638 XXXVIII.
890 2594 1217 2654 Prae-pararet.
1244 2593 1419 2652 Tacit.,
1446 2595 1623 2651 Annal.
1638 2627 1653 2648 ,
1694 2610 1737 2651 1,
1772 2599 1832 2653 47
1867 2611 1879 2640 :
1913 2615 1932 2635 α
1950 2595 2093 2642 Cete-

347 2684 453 2713 rum
467 2677 521 2713 ut
540 2668 637 2728 jam
655 2663 849 2729 jamque
863 2668 1040 2728 iturus,
1055 2669 1171 2732 legit
1184 2669 1709 2731 comites,'conquisivit
1730 2670 2093 2732 impedimenta,

348 2745 598 2791 adornavit
625 2761 767 2791 naves
792 2761 803 2790 :
826 2762 942 2791 mox
975 2736 1179 2792 hiemem
1205 2755 1288 2792 aut
1309 2746 1502 2810 negotia
1523 2746 1653 2792 varie
1669 2756 1910 2806 causatus,
1931 2747 2090 2809 primo

345 2822 633 2882 prudentes,
666 2822 778 2867 dein
799 2823 1025 2885 vulgum,
1049 2822 1320 2869 diutissime·
1330 2822 1603 2884 provincias
1626 2823 1806 2869 fefellit.
1815 2843 1855 2879 .‘’

422 2898 656 2946 Vehiculis
694 2900 1054 2959 comprehensis.
1087 2900 1193 2946 Hoc
1217 2899 1367 2947 Tacit.
1405 2898 1639 2961 significat
1670 2872 1910 2946 dicendo.
1936 2901 2091 2962 impe-

346 2976 555 3020 damenta
571 2977 860 3037 Ι”νεοης]ιιι.ς·ιιι’ῑ.

419 3063 773 3109 Commeatzbus.
796 3091 862 3098 -—
891 3064 1186 3110 commeatus
1214 3064 1310 3111 dici
1338 3065 1556 3125 juditzant
1588 3066 1769 3110 Ernest.
1789 3076 1792 3078 “
1811 3073 1858 3111 et
1886 3064 2089 3111 Ouden-

346 3141 484 3201 dorp.
508 3157 608 3191 non
640 3141 699 3186 de
729 3141 936 3200 cibariis,
967 3142 1050 3188 sed
1082 3143 1141 3189 de
1171 3142 1398 3202 jumentis
1419 3142 1772 3204 vehiculisque,
1808 3158 1915 3203 quae
1946 3140 2085 3188 certis

344 3217 603 3263 intervallis
625 3219 949 3265 mutabantur.

414 3303 724 3366 Callippides.
749 3307 1085 3365 Proverbium,
1110 3285 1384 3354 translatum
1411 3325 1438 3353 a
1453 3306 1754 3368 Callippide,
1777 3306 1951 3352 celebri
1977 3314 2081 3352 tra·—
