2372 3918
904 284 1234 332 caucum.
1838 295 1919 340 191

221 419 450 477 rumque
479 399 685 477 specie,
708 391 1120 475 explorator-ms
1141 385 1453 466 appellavit.
1477 390 1685 443 Rursus
1713 385 1928 443 obsides

220 498 485 576 quosdam
498 541 514 572 ,
531 496 792 555 abductos
814 512 845 550 e
868 490 1133 548 litterario
1160 486 1316 560 ludo,
1331 484 1579 563 clamque
1592 488 1928 563 praemissos,

220 599 434 659 deserto
459 608 682 676 repente
703 590 955 652 convivio
987 609 1113 647 cum
1147 588 1395 666 equitatu
1428 586 1732 656 insecutus,
1756 585 1925 643 veluti

221 698 480 778 profugos
529 717 592 754 ac
638 692 996 772 reprehensos
1044 691 1101 746 in
1155 688 1359 746 catenis
1410 685 1665 758 reduxit3
1715 686 1772 741 in
1823 687 1929 742 hoc

219 820 439 876 quoque
489 798 655 855 mimo
703 805 901 873 praeter
952 789 1177 848 modum
1235 790 1622 865 intemperans.
1676 786 1929 864 Repetita

219 920 406 974 coena,
439 896 823 956 renunciantes
849 905 1099 951 coactum
1136 911 1364 969 agmen,
1400 890 1540 946 sicut
1573 901 1764 961 erant,
1799 886 1929 944 lori·

219 1012 369 1057 catos
409 997 478 1055 ad
513 994 968 1054 discumbendum
1004 992 1327 1050 adhortatus
1369 1002 1466 1047 est.
1503 990 1727 1048 Monuit
1767 990 1928 1046 etiam

219 1100 503 1157 notissimo
543 1095 763 1175 Virgilii
807 1116 1002 1166 versu,
1044 1117 1071 1147 «
1102 1095 1380 1151 Durarent
1404 1135 1420 1162 ‚
1463 1091 1824 1168 secundisque
1872 1113 1930 1147 se

218 1200 381 1256 rebus
415 1208 709 1256 servarent.
746 1221 772 1250 >>
812 1199 994 1273 Atque
1027 1193 1321 1251 interhaec
1360 1194 1639 1250 absentem
1678 1206 1927 1250 senatum

219 1298 597 1377 populumque
632 1298 952 1377 gravissimo
982 1296 1296 1374 objurgavit
1329 1294 1535 1367 edict0,
1560 1293 1737 1371 quod,
1765 1318 1793 1347 c<
1816 1297 1932 1352 Cae-

220 1419 341 1456 sare
392 1398 712 1477 proeliante,
751 1410 806 1455 et
842 1397 1006 1454 tantis
1045 1394 1454 1453 discriminibus
1498 1395 1749 1471 objecto,
1796 1406 1932 1451 tem-

221 1500 426 1576 pestiva
450 1499 724 1571 convivia,
747 1499 984 1569 circum,
1005 1509 1060 1554 et
1088 1497 1327 1570 theatra,
1350 1508 1403 1553 et
1426 1516 1667 1552 amoenos
1691 1515 1930 1553 secessus

218 1598 571 1669 celebrarent.
601 1623 628 1652 ³>

298 1700 498 1757 XLVI.
544 1701 859 1769 Postremo,
904 1698 1060 1774 quasi
1109 1708 1520 1774 perpetraturus
1564 1696 1810 1768 bellum,
1849 1698 1933 1755 di-

218 1810 367 1854 recta
420 1798 534 1854 acie
585 1798 641 1853 in
690 1796 849 1853 litore
894 1796 1139 1868 Oceani,
1193 1817 1255 1851 ac
1301 1795 1509 1852 balistis
1556 1798 1931 1875 machinisque

217 1895 520 1974 dispositis,
544 1897 763 1953 nemine
789 1917 960 1974 gnaro
987 1907 1082 1952 aut
1114 1896 1402 1973 opinante,
1429 1896 1693 1973 quidnam
1722 1911 1932 1975 coeptu-

220 2016 312 2053 rus
348 2007 520 2069 esset,
561 2008 816 2074 repente,
860 2008 923 2063 ut
955 1995 1188 2052 conchas
1237 1994 1516 2075 legerent,
1552 1996 1841 2075 galeasque
1880 2012 1933 2054 et

218 2098 369 2155 sinus
409 2097 716 2176 replerent,
757 2099 1081 2176 imperavit3
1120 2123 1147 2151 κ
1174 2097 1346 2176 spolia
1383 2100 1591 2155 Oceani
1623 2123 1651 2152 »
1694 2121 1932 2171 vocanS,

221 2221 247 2249 κ
271 2197 548 2276 Capitolio
573 2197 895 2276 Palatioque
927 2198 1127 2256 debita.
1153 2223 1179 2252 »
1206 2201 1277 2255 Et
1306 2199 1361 2254 in
1398 2198 1662 2256 indicium
1692 2201 1936 2257 victoriae

220 2296 540 2355 altissimam
586 2309 791 2355 turrem
834 2299 1124 2372 excitavit,
1188 2319 1253 2355 ex
1300 2319 1445 2376 qua,
1493 2312 1554 2356 ut
1605 2321 1671 2357 ex
1715 2302 1937 2371 Pharo,

221 2398 471 2455 noctibus
506 2397 575 2455 ad
612 2398 880 2476 regendos
915 2399 1135 2454 navium
1172 2419 1365 2455 cursus
1399 2396 1553 2477 ignes
1586 2401 1887 2457 emicarent
1918 2422 1930 2455 ε

219 2498 694 2575 pronunciatoque
724 2497 883 2554 militi
921 2498 1210 2570 donatiVO,
1245 2500 1487 2555 centenis
1522 2500 1729 2556 viritim
1763 2500 1935 2557 dena-

222 2598 351 2668 riis,
391 2599 543 2674 quasi
581 2619 744 2655 omne
783 2598 1092 2676 exemplum
1131 2598 1474 2657 liberalitatis
1516 2621 1899 2679 supergressus
1922 2646 1937 2674 ,

224 2720 251 2748 «c
279 2696 475 2768 Abite,
506 2698 712 2774 inquit,
747 2696 888 2771 laeti,
924 2699 1069 2755 abite
1101 2697 1421 2777 locupleteS.
1448 2725 1476 2753 »

301 2800 528 2856 XLVII.
566 2801 875 2857 Conversus
908 2800 1038 2856 hinc
1073 2800 1142 2856 ad
1176 2816 1365 2858 curam
1402 2804 1705 2881 triumphi,
1740 2817 1938 2881 praeter

224 2898 468 2974 captivos
494 2917 557 2955 ac
580 2898 887 2977 transfugas
913 2899 1203 2971 barbaros»,
1231 2900 1537 2959 Galliarum
1562 2924 1783 2981 quoque
1811 2925 1939 2981 pro-

225 2998 564 3054 cerissimum
597 3018 870 3075 quemque
892 3041 906 3070 ‚
943 3011 1027 3071 et,
1061 3011 1122 3055 ut
1160 3000 1274 3077 ipse
1310 2999 1555 3076 dicebat,
1596 2997 1940 3084 ἀξιοθριᾶμ-

226 3095 418 3171 Ceut-ov,
456 3118 520 3155 ac
554 3097 846 3155 nonnullos
890 3120 955 3155 ex
996 3100 1337 3178 principibus
1374 3099 1539 3179 legit,
1583 3122 1646 3159 ac
1689 3105 1934 3180 seposuit

228 3198 298 3255 ad
343 3217 633 3278 pompam3
673 3200 958 3277 coegitque
1004 3221 1116 3257 non
1163 3212 1379 3257 tantum
1425 3201 1651 3258 rutilare
1685 3215 1739 3259 et
1784 3224 1933 3260 sum·

231 3299 444 3358 mittere
463 3320 700 3371 comam,
718 3299 811 3356 sed
830 3312 886 3356 et
905 3320 1207 3358 sermonem
1229 3303 1603 3379 germanicum
1628 3302 1932 3375 addiscere,
