2372 3918
896 305 1223 352 CLAUDIUS.
1715 312 1719 315 ·
1775 359 1781 364 ἢ
1827 314 1922 360 209

203 428 257 474 et
286 416 392 475 hoc
417 414 680 496 amplius,
713 412 858 492 patri
883 411 1149 468 circenses
1183 427 1396 466 annuos
1420 406 1587 465 natali
1618 407 1733 481 die3
1758 410 1921 467 matri

202 529 555 595 carpentum,
591 535 702 593 quo
753 533 854 593 per
892 511 1115 568 Circum
1156 509 1476 579 duceretur,
1520 519 1575 564 et
1614 529 1922 588 cognomen

202 619 496 696 Augustae,
534 617 601 673 ab
645 615 771 670 viva
816 621 1141 668 recusatum.
1195 607 1282 667 Ad
1327 606 1511 664 fratris
1569 612 1922 684 memoriam,

200 738 302 795 per
337 737 554 775 omnem
585 714 928 772 occasionem
968 710 1325 781 celebratam,
1355 708 1675 766 comoediam
1702 731 1924 789 quoque

202 838 434 895 graecam
463 812 812 894 neapolitano
863 813 1158 870 certamine
1194 810 1409 882 docuit,
1445 830 1509 867 ac
1548 808 1615 866 de
1653 812 1924 868 sententia

197 918 448 996 judicum
489 916 788 973 coronavit.
827 916 911 972 Ne
948 916 1202 971 Marcum
1230 911 1453 990 quidem
1491 913 1792 968 Antonium
1837 912 1922 967 in-

202 1018 536 1076 honoratum
571 1037 633 1073 ac
670 1016 786 1073 sine
817 1026 973 1093 grata
1014 1014 1292 1070 mentione
1320 1013 1649 1084 transmisit,
1696 1024 1924 1068 testatus

203 1117 484 1196 quondam
511 1138 614 1196 per
645 1116 911 1188 edictum,
943 1117 1164 1171 «Tanto
1193 1115 1491 1192 impensius
1524 1126 1709 1191 petere
1739 1135 1826 1188 se,
1864 1127 1926 1171 ut

206 1217 443 1275 natalem
460 1219 633 1296 patris
656 1218 823 1275 Drusi
853 1215 1222 1288 celebrarent,
1255 1215 1404 1292 quod
1430 1214 1574 1272 idem
1599 1228 1740 1273 esset
1764 1228 1818 1272 et
1837 1216 1925 1271 avi

204 1319 284 1375 sui
313 1319 599 1376 Antonii.»
626 1318 849 1374 Tiberio
876 1337 1245 1373 marmoreum
1276 1337 1465 1373 arcum
1493 1316 1650 1394 juxta
1676 1318 1926 1395 Pompeii

203 1420 509 1490 theatrum,
533 1418 809 1475 decretum
835 1418 1057 1495 quidem
1075 1415 1207 1473 olim
1225 1438 1257 1473 a
1274 1430 1481 1474 senatu
1499 1461 1515 1491 ,
1544 1438 1736 1474 verum
1765 1418 1928 1474 omis-

204 1539 353 1592 sum,
380 1519 608 1598 peregit.
641 1520 762 1577 Caii
783 1539 1005 1596 quoque
1027 1520 1126 1574 etsi
1154 1529 1273 1574 acta
1298 1519 1484 1575 onmia
1517 1518 1756 1591 rescidit,
1778 1518 1925 1574 diem

203 1631 384 1676 tamen
420 1622 592 1690 neciS,
631 1621 880 1697 quamvis
910 1618 1196 1676 exordium
1231 1620 1572 1699 principatus
1601 1620 1718 1692 sui,
1751 1620 1927 1676 vetuit

208 1721 351 1777 inter
381 1719 545 1777 festos
568 1720 776 1776 referri.

283 1822 407 1877 XII.
444 1822 518 1877 At
544 1820 601 1876 in
628 1832 799 1877 semet
845 1819 1098 1899 augendo
1132 1842 1331 1898 parcus
1363 1833 1527 1898 atque
1556 1821 1728 1877 civilis
1748 1864 1763 1894 ,
1783 1842 1925 1898 prae·

206 1919 428 1976 nomine
454 1921 802 1999 imperatoris·
826 1921 1117 1992 abstinuit,
1142 1922 1340 1978 nimios
1363 1921 1601 1977 honores
1631 1922 1926 1992 recusavit,

205 2019 480 2099 sponsalia
528 2020 674 2094 flliae,
719 2021 1063 2098 natalemque
1113 2022 1281 2101 geniti
1322 2023 1538 2099 nepotis
1581 2020 1825 2094 silenti0,
1864 2043 1928 2078 ac

206 2133 422 2178 tantum
459 2121 753 2180 domestica
797 2122 1087 2201 religione,
1138 2124 1418 2202 transegit.
1452 2124 1744 2181 Neminem
1774 2144 1932 2180 exsu-

206 2220 351 2294 lum,
394 2223 500 2279 nisi
538 2244 603 2279 ex
637 2235 858 2280 senatus
902 2225 1254 2296 auctoritate,
1295 2224 1548 2281 restituit.
1595 2227 1674 2282 Ut
1724 2225 1828 2281 sibi
1874 2225 1929 2279 in

209 2323 436 2378 Curiam
470 2323 784 2400 praefectum
812 2325 1052 2402 praetorii
1082 2325 1443 2401 tribunosque
1472 2324 1712 2382 militum
1744 2346 1931 2382 secum

209 2422 469 2479 inducere
511 2422 724 2497 liceret,
771 2436 941 2501 utque
988 2438 1107 2481 rata
1153 2437 1359 2496 essent„
1391 2446 1515 2502 quae
1549 2438 1934 2503 procuratores

209 2524 292 2580 sui
325 2524 382 2579 in
404 2523 707 2600 judicando
735 2536 1063 2597 statuerent,
1091 2527 1341 2603 precario
1374 2528 1568 2604 exegit.
1599 2529 1696 2582 Jus
1732 2526 1934 2582 nundi-

212 2644 407 2680 narum
438 2626 494 2693 in
526 2626 739 2702 privata
787 2626 990 2703 praedia
1018 2647 1049 2682 a
1083 2626 1399 2685 consulibus
1432 2628 1626 2704 petiit:
1661 2628 1935 2706 cognitio-

212 2724 373 2780 nibus
404 2726 852 2803 magistratuum,
900 2740 961 2783 ut
1000 2749 1142 2784 unus
1177 2750 1207 2784 e
1239 2728 1586 2802 consiliariiS,
1622 2729 1937 2806 frequenter

214 2824 476 2881 interfuit.
523 2826 791 2898 Eosdem,
835 2827 1143 2904 spectacula
1174 2828 1418 2901 edentcS,
1451 2851 1680 2908 surgens
1723 2843 1778 2885 et
1824 2831 1939 2907 ipse

215 2946 341 2981 cum
385 2938 564 2981 cetera
608 2926 792 2999 turba,
818 2947 952 2983 voce
998 2948 1063 2983 ac
1093 2948 1259 2984 manu
1293 2942 1581 2986 veneratus
1612 2943 1707 2987 est.
1740 2930 1940 2986 Tribu-

217 3027 302 3081 nis
334 3023 508 3103 plebis
548 3025 872 3084 adeuntibus
907 3048 962 3084 se
994 3049 1096 3106 pro
1137 3028 1398 3085 tribunali
1434 3034 1739 3098 excusavit,
1790 3030 1939 3106 quod

220 3138 446 3204 propter
488 3128 766 3204 angustias
814 3148 927 3184 non
975 3141 1158 3206 posset
1207 3129 1396 3186 audire
1431 3151 1551 3202 e03,
1579 3132 1682 3186 nisi
1715 3143 1938 3188 stantes,

219 3226 409 3299 Quare
451 3227 507 3282 in
555 3227 708 3283 brevi
749 3229 923 3304 spatio
970 3241 1184 3286 tantum
1234 3232 1434 3287 amoris
1476 3230 1784 3307 favorisque
1826 3230 1940 3286 col-

222 3325 384 3403 legit,
417 3339 511 3396 ut‚
545 3348 717 3404 quum
745 3327 1051 3405 profectum
1092 3352 1217 3387 eum
1261 3332 1474 3388 Ostiam
1503 3332 1726 3409 periisse
1756 3353 1822 3388 ex
1854 3333 1939 3387 in-

464 3448 499 3483 1.
1633 3437 1698 3502 ¹4
