2372 3918
819 261 867 304 e.
905 258 1117 306 sumus
1152 258 1374 304 cffisAa.
1885 269 1943 312 27

260 383 368 419 rem
412 364 578 442 regia:
618 362 816 423 lectica
832 404 850 430 ,
893 381 957 417 ac
993 361 1162 417 Curio
1202 358 1472 416 stabulum
1511 359 1828 428 Nicomedis
1844 403 1861 430 ,
1894 371 1949 414 et

261 463 607 541 Bithynicum
630 460 903 535 fornicem
946 459 1150 517 dicunt.
1193 460 1361 516 Missa
1400 459 1562 513 etiam
1603 458 1740 513 facio
1775 458 1948 515 edicta

260 560 472 634 Bibuli,
503 560 699 638 quibus
737 558 1049 636 proscripsit
1075 554 1345 634 ‘collegam
1377 576 1568 629 suum,
1601 556 1949 634 Bithynicam

263 660 500 737 reginam
540 679 557 715 .·
606 681 634 711 α
650 657 804 734 eique
840 677 1021 734 regem
1058 667 1217 714 antea
1251 654 1414 712 fuisse
1445 653 1627 725 cordi,
1659 674 1807 710 nunc
1841 675 1955 711 esse

263 777 547 834 regnum.»
579 757 708 830 Quo
739 767 1012 832 tempore,
1042 766 1107 811 ut
1132 756 1212 813 M.
1238 756 1442 811 Brutus
1473 753 1667 826 refert,
1694 754 1953 810 Octavius

262 857 422 912 etiam
459 854 676 931 quidam
694 895 710 926 ,
750 853 1061 917 valetudine
1102 854 1299 911 mentis
1342 851 1562 909 liberius
1605 852 1796 924 dicax,
1829 872 1957 909 con-

264 965 430 1009 ventu
446 943 677 1010 maximo
695 973 864 1030 quum
878 952 1199 1030 Pompeium
1214 971 1395 1029 regem
1413 949 1760 1029 appellasset,
1779 951 1957 1029 ipsum

263 1053 507 1128 reginam
542 1050 810 1109 salutavit.
846 1050 953 1109 Sed
984 1054 1048 1109 C.
1082 1050 1372 1108 Memmius
1403 1051 1566 1107 etiam
1599 1049 1668 1106 ad
1703 1050 1959 1128 cyathum

266 1161 321 1204 et
355 1150 543 1205 vinum
579 1149 866 1207 Nicomedi
908 1150 1115 1206 stetisse
1150 1150 1378 1227 objecit,
1413 1169 1538 1205 cum
1578 1147 1799 1226 reliquis
1831 1169 1959 1205 exo-

267 1246 388 1305 letis
406 1290 422 1320 ,
463 1247 625 1324 pleno
678 1250 929 1306 convivio
947 1292 963 1323 ,
1007 1249 1392 1307 accubantibus
1438 1246 1714 1306 nonnullis
1760 1249 1963 1305 urbicis

271 1349 720 1425 negotiatoribuS,
750 1370 984 1425 quorum
1006 1349 1171 1406 refert
1191 1349 1427 1408 nomina.
1453 1349 1645 1406 Cicero
1670 1368 1828 1421 vero,
1854 1367 1964 1403 non

271 1459 559 1503 contentus
591 1449 647 1504 in
682 1449 1006 1525 quibusdam
1046 1448 1288 1526 epistolis
1326 1448 1622 1525 scripsisse,
1660 1468 1692 1503 a
1729 1445 1967 1503 satelliti-

273 1546 373 1601 bus
403 1566 527 1601 eum
557 1548 612 1602 in
640 1547 950 1603 cubiculum
978 1548 1188 1623 regium
1215 1546 1494 1619 eductum,
1524 1547 1580 1603 in
1607 1566 1772 1603 aureo
1795 1544 1966 1618 lecto,

274 1656 421 1700 veste
459 1664 735 1720 purpurea
767 1643 1082 1708 decubuisse
1100 1686 1116 1717 ,
1151 1643 1448 1720 floremque
1482 1646 1653 1700 aetatis
1684 1666 1716 1700 a
1757 1647 1969 1700 Venere

277 1744 383 1799 orti
436 1743 491 1797 in
545 1743 796 1820 Bithynia
849 1743 1273 1802 contaminatum
1320 1763 1333 1798 :
1378 1741 1654 1818 quondam
1706 1744 1866 1798 etiam
1913 1744 1969 1798 in

278 1854 466 1898 senatu
498 1842 805 1899 defendenti
833 1846 993 1920 Nysae
1024 1863 1272 1915 causam,
1300 1840 1425 1899 filiae
1451 1841 1786 1915 NicomediS,
1814 1842 1974 1898 bene-

278 1941 505 2018 ficiaque
539 1942 678 2018 regis
714 1942 770 1996 in
803 1962 859 1997 se
890 1943 1338 1998 commemoranti
1357 1984 1371 2013 ,
1403 1946 1720 2012 «Remove,
1758 1942 1966 2019 inquit,

282 2042 456 2112 istaec,
490 2061 588 2096 oro
620 2052 706 2111 te3
741 2040 960 2117 quando
993 2053 1185 2097 notum
1226 2053 1339 2114 est,
1376 2053 1432 2097 et
1469 2040 1602 2118 quid
1641 2039 1730 2096 ille
1759 2041 1888 2113 tibi,
1922 2052 1975 2096 et

282 2139 413 2215 quid
451 2138 529 2195 illi
569 2152 685 2196 tute
726 2140 952 2196 dederis,
970 2164 996 2193 2>
1034 2139 1246 2197 Gallico
1285 2141 1519 2218 denique
1559 2140 1839 2217 triumpho
1881 2140 1980 2195 mi-

281 2237 400 2295 lites
442 2239 557 2315 ejus
602 2240 742 2295 inter
778 2252 956 2295 cetera
998 2241 1270 2312 carmina,
1315 2239 1496 2317 qualia
1539 2260 1761 2296 currum
1801 2259 1983 2317 prose-

283 2348 508 2413 quentes
539 2335 855 2415 joculariter
893 2350 1127 2410 canunt,
1171 2340 1331 2395 etiam
1377 2338 1808 2417 vulgatissimum
1848 2337 1983 2396 illud

283 2437 778 2513 pronuntiaverunt
805 2458 819 2494 ε

440 2607 611 2652 Gallias
641 2608 788 2654 Caesar
816 2573 997 2670 subegit
1010 2643 1023 2666 ,
1044 2608 1321 2655 Nicomedes
1342 2608 1578 2654 Caesarem.

443 2684 558 2728 Ecce
581 2684 728 2729 Caesar
749 2700 871 2730 nunc
893 2685 1166 2746 triumphat,
1196 2685 1275 2747 qui
1299 2685 1480 2745 subegit
1503 2683 1701 2731 Gallias:

446 2758 721 2804 Nicomedes
742 2775 840 2806 non
861 2760 1136 2821 triumphat,
1157 2761 1239 2822 qui
1265 2761 1445 2822 subegit
1470 2762 1708 2807 Caesarem.

368 2936 430 2990 L.
473 2935 713 2990 Pronum
745 2944 801 2989 et
838 2944 1216 3010 sumptuosum
1256 2934 1312 2988 in
1349 2931 1599 2992 libidines
1636 2933 1827 3003 fuisse,
1865 2953 1991 2990 con-

276 3046 438 3089 stans
479 3033 666 3109 opinio
699 3045 814 3105 est,
848 3031 1219 3109 plurimasque
1254 3044 1307 3088 et
1346 3030 1580 3089 illustres
1617 3031 1844 3089 feminas
1876 3052 1995 3088 cor·

293 3133 499 3208 rupisse
525 3153 536 3187 :
564 3132 620 3186 in
648 3131 844 3207 quibus
876 3131 1251 3188 Posthumiam
1285 3131 1457 3188 Servii
1488 3129 1737 3206 Sulpicii,
1759 3127 1991 3187 Lolliam

296 3230 417 3287 Auli
445 3230 699 3300 Gabinii,
735 3228 1032 3287 Tertullam
1065 3233 1143 3287 M.
1182 3231 1395 3303 Crassi,
1427 3230 1587 3286 etiam
1620 3230 1721 3284 Cn.
1755 3229 1994 3305 Pompeii
