2372 3918
854 256 918 300 IN
955 254 1278 299 NERONEM.
1835 273 1857 302 :e
1867 255 1926 303 83

275 355 459 403 Ct'enttlr.
492 355 562 400 Al.
589 353 727 399 ciens.

275 433 537 493 Sculptura.
571 431 645 476 Al.
669 430 917 490 scalptura.

275 507 642 569 Nuncupatione.
668 508 738 552 De
762 521 859 567 qua
882 505 991 549 vide
1022 504 1183 560 L1rs.,
1216 506 1416 550 Excurs.
1443 507 1513 549 acl
1538 505 1683 549 Tacit.
1724 508 1923 562 Annal„

205 601 309 643 xvr,
338 599 414 630 αα.

273 661 452 708 claves.
479 660 623 719 Quod
638 693 651 717 ,
682 659 730 704 in
753 659 950 705 solemni
975 668 1198 704 votorum
1220 659 1575 719 nuncupatione
1590 694 1602 716 ‚
1626 674 1716 718 pro
1740 657 1929 705 sinistro

202 738 466 784 habebatur
499 751 662 794 omen,
687 735 888 781 docente
917 735 1197 797 Sagittario,
1221 738 1282 780 cle
1296 737 1406 780 Ian.
1437 747 1555 790 vet„
1584 751 1725 780 xxxv.

267 817 493 875 Auguste.
528 815 690 870 Quum
713 812 990 858 viderentur
1015 813 1172 858 dicere
1202 832 1212 858 ε
1241 834 1265 856 α
1283 815 1387 859 Ηοο
1414 816 1627 875 Auguste
1651 822 1703 858 tu
1730 812 1894 869 facies,
1910 834 1929 855 ι

200 891 297 938 scil.
323 900 376 936 ut
400 890 786 950 sceleratipoenas
810 890 925 936 dent
940 926 952 947 ,
974 890 1172 953 intelligi
1194 892 1420 937 volebant
1449 907 1459 935 :
1485 911 1508 933 α
1525 891 1683 937 Facies
1705 890 1805 951 ipse
1823 890 1925 936 exi-

202 979 298 1013 tum
332 968 585 1014 sceleribus
609 968 701 1012 tuis
733 966 943 1029 dignum.

272 1046 430 1090 Versu.
453 1044 604 1090 Aliter
627 1044 830 1105 Xiphil.,
858 1062 1007 1105 Lxux,
1038 1061 1085 1107 p.
1120 1038 1247 1105 727‘:
1273 1055 1408 1111 Νέρων
1436 1054 1506 1111 μὲν
1533 1050 1587 1099 δὴ
1618 1058 1790 1096 τοιαῦτα
1816 1055 1930 1111 Erpa·

198 1125 346 1187 γῴὸιι,
376 1129 446 1172 καὶ
469 1130 514 1172 τὸ
536 1131 630 1178 ἔπος
651 1131 773 1172 ἐκεῖνο
797 1135 969 1185 συνεχῶς
1000 1132 1174 1173 ἐννενόει.
1200 1125 1352 1180 Quem
1383 1139 1567 1169 versum
1591 1123 1744 1169 minus
1769 1134 1928 1184 aptum

199 1198 263 1244 sic
297 1198 488 1244 exhibet
514 1216 524 1243 ε

394 1352 573 1409 Οίκτρῶς
590 1351 718 1394 θανεῖν
744 1355 786 1408 μ’
806 1353 937 1409 ἄνωγε
970 1353 1193 1410 σύγγαμος,
1216 1354 1365 1411 πάτηρ.

267 1490 375 1536 Cn.
411 1489 608 1535 XLVII.
636 1489 768 1534 Duos
791 1489 1008 1550 scyphos,
1042 1490 1110 1535 Cf.
1142 1492 1304 1548 Pcm„
1332 1492 1389 1535 Η.
1424 1475 1513 1545 NJ.
1552 1506 1749 1548 xxxva,
1783 1507 1826 1535 2.

266 1568 436 1611 Hortos
451 1565 743 1611 Sem‘lc‘anos.
770 1567 870 1611 Hos
894 1582 992 1611 non
1016 1568 1157 1628 longe
1182 1583 1208 1612 a
1239 1577 1388 1627 ponte
1413 1583 1542 1612 nunc
1565 1568 1696 1613 Sixto
1711 1600 1723 1621 ,
1763 1566 1811 1610 in
1836 1566 1927 1611 mi—

197 1658 315 1689 nore
341 1658 509 1704 campo
535 1643 596 1689 ad
623 1643 773 1704 ripam
797 1643 982 1690 Tiberis
1014 1645 1154 1691 fuisse
1187 1655 1321 1706 putat
1343 1648 1515 1691 Donat.
1533 1681 1545 1703 ,
1561 1646 1622 1690 de
1651 1645 1757 1689 Urb.
1775 1645 1927 1700 Rom„

196 1734 284 1776 ιιι,
315 1722 390 1766 2‘3.

272 1798 424 1858 Usque
446 1798 638 1843 adeone.
665 1799 843 1843 Notum
869 1813 927 1843 ex
961 1798 1126 1859 virgil.
1153 1801 1335 1845 AEneicl.
1359 1815 1432 1844 κη
1448 1834 1461 1856 ,
1494 1798 1601 1854 646.
1644 1851 1649 1855 ,

269 1875 356 1919 Vel
376 1877 580 1936 AEgyptl.
611 1876 682 1922 Cf.
715 1879 989 1922 PLUTAncn.
1018 1876 1066 1920 in
1095 1878 1232 1922 Galb.
1251 1912 1265 1932 ‚
1299 1893 1346 1938 p.
1393 1875 1512 1923 1053
1547 1894 1558 1921 :
1593 1879 1821 1940 Νυμφίδιος
1850 1887 1928 1926 Σα-

199 1955 342 2008 Εἶνος...
368 1960 645 2017 αὐτοκράτορα.
665 1957 828 2002 ranem
864 1960 1145 2018 ἀναγορεῦσαι.

273 2028 541 2074 Stationem.
569 2030 627 2075 H.
656 2044 695 2075 e.
722 2029 967 2074 cohortem
1004 2045 1109 2090 quae
1140 2037 1246 2075 ante
1270 2029 1396 2076 fores
1419 2028 1579 2090 palatii
1603 2028 1881 2074 excubabat.

265 2106 496 2166 Hospitia.
529 2105 807 2152 Habitacula
824 2139 837 2162 ‚
862 2107 1102 2151 conclavia
1130 2106 1176 2149 in
1212 2106 1357 2151 domo
1379 2106 1595 2153 Neronis.

269 2182 517 2245 Spiculum.
542 2183 615 2228 Al.
651 2181 907 2243 Spicillum.

264 2260 363 2305 Nec
384 2259 634 2304 Inimicum.
663 2259 848 2317 Quibus
872 2259 1096 2319 adjecisse
1121 2259 1235 2304 dicit
1260 2262 1418 2306 Aurel.
1434 2260 1613 2318 Victor,
1630 2261 1852 2320 Epitome
1870 2274 1926 2304 vx

197 2357 218 2379 α
246 2336 547 2382 Dedecorose
571 2336 693 2394 vixi,
720 2337 906 2397 turpius
929 2351 1133 2397 peream.
1158 2357 1176 2376 »

253 2414 370 2459 Cn.
396 2413 620 2459 XLVIII.
663 2414 812 2459 Viam.
833 2414 956 2460 Vide
986 2409 1248 2471 smninoivx,
1273 2432 1319 2473 v,
1350 2431 1396 2475 p.
1431 2415 1537 2472 158,
1573 2423 1619 2460 et
1646 2417 1895 2463 ΜΑιιιιΑΝ.
1913 2454 1925 2475 ,

207 2494 408 2553 Topogr.
433 2491 559 2535 urbis
583 2492 774 2547 Romoe,
801 2506 847 2548 1,
873 2490 916 2537 8.

268 2569 489 2624 Quatuor.
521 2569 826 2627 —Quatuor
846 2567 959 2614 dicit
989 2584 1184 2629 quoque
1210 2570 1423 2629 Ioseph„
1448 2571 1569 2614 Bell.
1597 2570 1703 2614 Iud.
1720 2604 1734 2625 ‚
1765 2586 1830 2628 xv,
1856 2587 1886 2632 9
1911 2589 1923 2617 :

198 2654 291 2690 tres
321 2651 475 2688 autem
500 2643 706 2705 Xiphil.‚
730 2660 884 2703 anx,
905 2659 955 2707 p.
986 2645 1104 2703 7263
1134 2647 1250 2691 duos
1274 2662 1387 2690 vero
1420 2648 1615 2705 Zonmu,
1636 2650 1808 2693 Annal.
1825 2684 1839 2704 ‚
1867 2664 1924 2707 ιι,

195 2738 243 2783 p.
275 2721 380 2782 189.
954 2734 958 2740 ·

270 2798 484 2843 Tremore
516 2808 664 2844 terroe.
692 2798 898 2859 Xiphil.,
922 2800 950 2844 l.
982 2814 1020 2845 c.
1060 2816 1071 2844 t
1106 2809 1274 2864 Σεισμὸς
1301 2807 1472 2857 ἐξαισίοις
1504 2810 1679 2866 ἐγένετο,
1716 2812 1822 2855 ὥστε
1856 2813 1925 2856 καὶ

199 2878 364 2927 δόκησιν
386 2883 628 2939 παρασχεῖν,
645 2883 706 2925 ὅτι
734 2884 760 2930 ἦ
782 2899 827 2925 τι
850 2888 904 2941 γῆ
929 2885 1049 2926 πᾶσα
1077 2879 1389 2941 ὃιαῤῥήγνυται,
1416 2883 1487 2927 καὶ
1512 2885 1554 2927 αἱ
1578 2891 1656 2927 τῶν
1685 2893 1910 2946 πεφονευμί

196 2976 270 3001 νων
293 2960 361 3002 ὑπ’
392 2960 514 3002 αὐτοῦ
544 2958 668 3015 ψυχαὶ
693 2962 828 3003 πᾶσαι
856 2961 945 3019 ἅμα
976 2962 1040 3003 ἐπ’
1067 2962 1185 3004 αὐτὸν
1211 2962 1503 3019 ἀναθορνὺῡυσι.

269 3027 459 3073 Castris.
487 3030 561 3073 Sc.
593 3028 855 3088 praetoriis,
880 3030 939 3076 de
963 3030 1137 3091 quibus
1163 3030 1269 3076 vide
1294 3033 1506 3087 Domi-r„
1530 3033 1591 3076 de
1626 3032 1730 3078 Urb.
1758 3036 1889 3080 Rom.
1905 3070 1919 3091 ,

202 3121 215 3148 ι
232 3139 245 3163 ,
279 3102 352 3151 15·

265 3181 486 3226 Mc'ssicio.
518 3182 721 3227 Videtur
749 3199 846 3230 esse
875 3201 906 3228 a
931 3185 1097 3229 militia
1112 3187 1403 3246 praetoriana
1431 3189 1612 3242 missus,
1639 3189 1696 3234 Η.
1724 3204 1763 3234 e.
1788 3198 1920 3234 vete—

200 3272 339 3301 ranus
362 3258 584 3316 praetorii.
