2372 3918
352 301 374 341 7
383 301 411 328 o
1002 283 1050 327 C.
1086 283 1371 328 SUETONll

352 403 538 467 postea
568 389 893 468 negligentia
918 389 1304 444 conturbatum
1333 400 1496 465 atque
1522 385 1804 443 confusum
1824 429 1838 458 ,
1867 406 2053 442 rursus

353 488 422 546 ad
467 490 752 568 pristinam
798 489 1062 544 rationem
1104 487 1313 566 redegit
1359 509 1373 544 z
1415 490 1471 544 in
1517 487 1671 564 cujus
1713 486 2054 542 ordinatione

356 587 598 645 sextilem
637 609 877 645 mensem
915 608 945 642 e
980 608 1080 642 suo
1116 589 1442 664 cognomine
1476 586 1852 664 nuncupavit,
1883 587 2054 662 magis

357 707 522 765 quam
567 688 948 764 septembrem,
998 707 1110 762 quo
1154 698 1269 742 erat
1312 698 1504 757 natus3
1537 687 1663 762 quia
1705 686 1810 743 hoc
1856 686 1958 741 sibi
2004 696 2056 741 et

361 789 570 865 primus
601 785 941 857 consulatuS,
972 797 1026 841 et
1056 785 1291 863 insignes
1323 785 1560 840 victoriae
1595 786 1926 863 obtigissent.
1958 786 2055 842 Sa-

362 886 647 943 cerdotum
678 897 733 941 et
763 905 1051 940 numerum
1080 895 1136 940 et
1166 883 1512 960 dignitatem,
1550 883 1643 940 sed
1681 896 1735 941 et
1771 882 2055 941 commoda

357 987 528 1055 auxit,
564 986 833 1062 praecipue
871 983 1158 1040 vestalium
1198 984 1490 1061 virginum.
1528 985 1827 1059 Quumque
1867 984 1924 1038 in
1961 982 2055 1039 de-

358 1097 587 1140 mortuae
611 1085 793 1140 locum
816 1081 976 1140 aliam
999 1087 1128 1163 capi
1154 1075 1454 1160 oporteret,
1478 1084 1852 1159 ambirentque
1871 1081 2055 1152 multi,

359 1204 429 1240 ne
452 1184 588 1240 filias
616 1185 672 1239 in
701 1196 905 1239 sortem
938 1182 1158 1255 darent3
1194 1181 1491 1260 adjuravit,
1523 1184 1567 1239 si
1591 1182 1911 1258 cujusquam
1931 1202 2059 1259 nep-

362 1275 498 1330 tium
529 1294 750 1331 suarum
775 1291 1106 1352 competeret
1130 1292 1292 1355 aetaS,
1321 1281 1635 1338 oblaturum
1663 1303 1717 1338 se
1741 1282 1904 1338 fuisse
1920 1303 2054 1338 eam.

358 1372 638 1430 Nonnulla
661 1375 824 1429 etiam
841 1395 904 1430 ex
922 1376 1157 1451 antiquis
1181 1378 1484 1434 cerimoniis
1501 1422 1515 1451 ,
1536 1379 1798 1455 paulatim
1829 1381 2029 1437 abolita
2044 1425 2060 1449 ‚

360 1473 636 1528 restituit:
669 1484 731 1527 ut
775 1470 963 1528 salutis
1007 1474 1326 1550 augurium,
1379 1471 1536 1529 Diale
1585 1472 1919 1547 flaminium,
1982 1495 2063 1530 sa-

361 1592 515 1627 crum
558 1569 863 1648 lupercale,
900 1570 1059 1628 ludos
1099 1570 1363 1627 seculares
1405 1583 1458 1627 et
1498 1571 1905 1649 compitalicios.
1943 1575 2060 1629 Lu-

361 1669 664 1750 percalibus
709 1671 880 1726 vetuit
917 1691 1135 1726 currere
1168 1670 1460 1741 imberbes3
1509 1672 1668 1743 item,
1716 1671 2060 1728 Secularibus

360 1768 503 1826 ludis
531 1769 757 1846 juvenes
789 1770 1073 1846 utriusque
1115 1790 1272 1825 sexus
1299 1769 1580 1847 prohibuit
1619 1768 1796 1826 ullum
1835 1783 2060 1827 noctur-

362 1890 493 1925 num
519 1867 889 1946 spectaculum
916 1869 1426 1946 frequentare,·nisi
1467 1890 1593 1926 cum
1632 1868 1818 1947 aliquo
1857 1871 2063 1947 majore

364 1980 495 2024 natu
528 1969 982 2046 propinquorum.
1017 1967 1350 2045 Compitales
1394 1968 1531 2026 lares
1570 1971 1754 2026 ornari
1785 1971 1868 2026 bis
1918 1990 2062 2026 anno

362 2070 623 2138 instituit,
651 2069 832 2124 vernis
865 2068 1093 2124 floribus
1124 2081 1178 2124 et
1201 2070 1414 2125 aestivis.
1447 2070 1765 2126 Proximum
1791 2091 1823 2137 a
1851 2069 1934 2126 dis
1965 2072 2064 2126 im-

362 2167 682 2224 mortalibus
709 2167 974 2224 honorem
1007 2169 1282 2224 memoriae
1307 2168 1510 2224 ducum
1538 2170 1814 2246 praestitit,
1847 2171 1941 2246 qui
1971 2172 2065 2226 im-

361 2267 574 2343 perium
612 2266 802 2344 populi
834 2268 1046 2323 romani
1081 2288 1146 2323 ex
1192 2268 1421 2323 minimo
1463 2269 1762 2324 maximum
1800 2268 2064 2325 reddidis-

360 2378 496 2422 sent.
526 2369 717 2443 Itaque
749 2379 804 2422 et
835 2387 1001 2444 opera
1031 2367 1320 2444 cujusque,
1350 2368 1692 2423 manentibus
1719 2366 1892 2423 titulis
1910 2411 1924 2438 ,
1953 2389 2064 2424 res-

362 2466 536 2537 tituit,
573 2477 626 2521 et
660 2478 866 2522 statuas
897 2467 1141 2521 omnium
1174 2464 1494 2542 triumphali
1526 2465 1701 2543 effigie
1738 2466 1795 2521 in
1831 2479 2063 2542 utraque

361 2565 465 2619 fori
493 2566 576 2619 sui
593 2565 807 2641 porticu
829 2563 1121 2636 dedicavit3
1139 2563 1414 2640 professus
1435 2564 1639 2637 edict0,
1657 2578 2060 2621 «commentum

359 2663 415 2718 id
450 2684 538 2735 se,
565 2674 629 2718 ut
658 2661 878 2718 illorum
904 2662 1057 2719 velut
1082 2662 1152 2719 ad
1190 2663 1463 2740 exemplar
1496 2675 1548 2719 et
1581 2665 1721 2741 ipse,
1753 2663 1884 2719 dum
1915 2666 2061 2720 vive·

358 2774 463 2835 ret,
492 2774 547 2818 et
578 2762 980 2838 insequentium
1008 2774 1228 2819 aetatum
1259 2764 1531 2842 principes
1559 2763 1908 2841 exigerentur
1937 2785 1970 2819 a
1992 2765 2063 2820 ci-

359 2862 535 2918 vibuS.
555 2885 582 2913 >2
615 2862 860 2940 Pompeii
899 2883 1118 2939 quoque
1162 2874 1424 2934 statuam,
1471 2875 1663 2919 contra
1704 2864 1901 2919 theatri
1945 2865 2060 2940 ejus

358 2961 589 3038 regiam,
612 2982 919 3018 marmoreo
946 2964 977 3018 J
978 2982 1084 3018 ano
1109 2963 1481 3039 superposuit,
1501 2962 1823 3019 translatam
1838 2985 1869 3020 e
1887 2964 2057 3033 curia,

359 3061 415 3115 in
449 3081 559 3136 qua
584 3063 646 3117 C.
680 3063 859 3118 Caesar
886 3062 1063 3118 fuerat
1096 3062 1321 3117 occisus.

435 3162 668 3216 XXXII.
713 3159 977 3236 Pleraque
1015 3160 1234 3237 pessimi
1261 3161 1494 3238 exempli
1541 3162 1801 3229 correxit,
1842 3182 1961 3237 quae
1999 3164 2055 3217 in

361 3258 652 3333 perniciem
692 3258 990 3334 publicam,
1039 3270 1132 3313 aut
1176 3280 1241 3314 ex
1296 3260 1686 3336 consuetudine
1729 3258 2055 3336 licentiaque
