<?xml version="1.0" encoding="UTF-8"?>
<!DOCTYPE html PUBLIC "-//W3C//DTD XHTML 1.0 Transitional//EN"
    "http://www.w3.org/TR/xhtml1/DTD/xhtml1-transitional.dtd">
<html xmlns="http://www.w3.org/1999/xhtml" xml:lang="en" lang="en">
 <head>
  <title>
</title>
<meta http-equiv="Content-Type" content="text/html;charset=utf-8" />
  <meta name='ocr-system' content='tesseract 3.04.00' />
  <meta name='ocr-capabilities' content='ocr_page ocr_carea ocr_par ocr_line ocrx_word'/>
</head>
<body>
  <div class='ocr_page' id='page_1' title='image "./operasuet00suetuoft_0627.png"; bbox 0 0 2372 3918; ppageno 0'>
   <div class='ocr_carea' id='block_1_1' title="bbox 415 297 1965 350">
    <p class='ocr_par' dir='ltr' id='par_1_1' title="bbox 415 297 1965 350">
     <span class='ocr_line' id='line_1_1' title="bbox 415 297 1965 350; baseline -0.005 0"><span class='ocrx_word' id='word_1_1' title='bbox 415 303 483 350; x_wconf 83' lang='lat' dir='ltr'><strong>IN</strong></span> <span class='ocrx_word' id='word_1_2' title='bbox 514 302 758 350; x_wconf 81' lang='lat' dir='ltr'>LIBRUM</span> <span class='ocrx_word' id='word_1_3' title='bbox 795 304 879 349; x_wconf 84' lang='lat' dir='ltr'><strong>DE</strong></span> <span class='ocrx_word' id='word_1_4' title='bbox 911 300 1323 348; x_wconf 81' lang='lat' dir='ltr'>ILLUSTRIBUS</span> <span class='ocrx_word' id='word_1_5' title='bbox 1358 299 1818 346; x_wconf 69' lang='lat' dir='ltr'><strong>GRAMMATICIS.</strong></span> <span class='ocrx_word' id='word_1_6' title='bbox 1880 297 1965 343; x_wconf 77' lang='lat'><strong>39¹</strong></span> 
     </span>
    </p>
   </div>
   <div class='ocr_carea' id='block_1_2' title="bbox 252 394 1976 692">
    <p class='ocr_par' dir='ltr' id='par_1_2' title="bbox 252 394 1976 619">
     <span class='ocr_line' id='line_1_2' title="bbox 254 394 1975 466; baseline -0.005 -14"><span class='ocrx_word' id='word_1_7' title='bbox 254 417 310 446; x_wconf 77' lang='lat' dir='ltr'><strong>ex</strong></span> <span class='ocrx_word' id='word_1_8' title='bbox 335 408 426 466; x_wconf 74' lang='grc' dir='ltr'>περὶ</span> <span class='ocrx_word' id='word_1_9' title='bbox 445 409 619 464; x_wconf 82' lang='grc' dir='ltr'><strong>ἀλόγων,</strong></span> <span class='ocrx_word' id='word_1_10' title='bbox 644 401 718 446; x_wconf 75' lang='lat' dir='ltr'><strong>vel</strong></span> <span class='ocrx_word' id='word_1_11' title='bbox 741 406 831 463; x_wconf 72' lang='grc' dir='ltr'><strong>πιοὶ</strong></span> <span class='ocrx_word' id='word_1_12' title='bbox 857 400 1048 463; x_wconf 61' lang='grc' dir='ltr'>ἀλογίαςέ</span> <span class='ocrx_word' id='word_1_13' title='bbox 1074 411 1183 443; x_wconf 79' lang='lat' dir='ltr'><strong>nam</strong></span> <span class='ocrx_word' id='word_1_14' title='bbox 1206 411 1372 442; x_wconf 83' lang='lat' dir='ltr'><strong>vocem</strong></span> <span class='ocrx_word' id='word_1_15' title='bbox 1400 405 1633 460; x_wconf 72' lang='grc' dir='ltr'><strong>περιοίλογος</strong></span> <span class='ocrx_word' id='word_1_16' title='bbox 1650 394 1852 440; x_wconf 77' lang='lat' dir='ltr'><strong>somate</strong></span> <span class='ocrx_word' id='word_1_17' title='bbox 1876 409 1975 440; x_wconf 78' lang='lat' dir='ltr'><strong>non</strong></span> 
     </span>
     <span class='ocr_line' id='line_1_3' title="bbox 253 469 1976 538; baseline -0.005 -15"><span class='ocrx_word' id='word_1_18' title='bbox 253 477 420 524; x_wconf 79' lang='lat' dir='ltr'><strong>audeo.</strong></span> <span class='ocrx_word' id='word_1_19' title='bbox 445 476 685 538; x_wconf 80' lang='lat' dir='ltr'><strong>suspicari</strong></span> <span class='ocrx_word' id='word_1_20' title='bbox 709 476 848 522; x_wconf 88' lang='lat' dir='ltr'><strong>etiam</strong></span> <span class='ocrx_word' id='word_1_21' title='bbox 878 474 986 520; x_wconf 91' lang='lat' dir='ltr'><strong>licet</strong></span> <span class='ocrx_word' id='word_1_22' title='bbox 1008 480 1102 537; x_wconf 74' lang='grc' dir='ltr'><strong>πιρὶ</strong></span> <span class='ocrx_word' id='word_1_23' title='bbox 1136 481 1260 522; x_wconf 76' lang='grc' dir='ltr'>αὑτοῦ</span> <span class='ocrx_word' id='word_1_24' title='bbox 1286 480 1410 536; x_wconf 77' lang='grc' dir='ltr'><strong>λόγος.</strong></span> <span class='ocrx_word' id='word_1_25' title='bbox 1451 471 1695 532; x_wconf 86' lang='lat' dir='ltr'><strong>Bipontini</strong></span> <span class='ocrx_word' id='word_1_26' title='bbox 1737 469 1976 516; x_wconf 82' lang='lat' dir='ltr'><strong>dederunt</strong></span> 
     </span>
     <span class='ocr_line' id='line_1_4' title="bbox 252 562 482 619; baseline -0.004 -16"><span class='ocrx_word' id='word_1_27' title='bbox 252 562 482 619; x_wconf 76' lang='grc' dir='ltr'><strong>περιαλγής·</strong></span> 
     </span>
    </p>

    <p class='ocr_par' dir='ltr' id='par_1_3' title="bbox 322 628 1337 692">
     <span class='ocr_line' id='line_1_5' title="bbox 322 628 1337 692; baseline -0.006 -17"><span class='ocrx_word' id='word_1_28' title='bbox 322 632 591 692; x_wconf 77' lang='lat' dir='ltr'><strong>Plagosum.</strong></span> <span class='ocrx_word' id='word_1_29' title='bbox 625 632 793 676; x_wconf 83' lang='lat' dir='ltr'><strong>Horat.</strong></span> <span class='ocrx_word' id='word_1_30' title='bbox 810 663 823 686; x_wconf 91' lang='lat'><strong>,</strong></span> <span class='ocrx_word' id='word_1_31' title='bbox 845 628 1026 688; x_wconf 65' lang='lat' dir='ltr'><strong>Epist„</strong></span> <span class='ocrx_word' id='word_1_32' title='bbox 1051 641 1119 684; x_wconf 85' lang='lat'><strong>11,</strong></span> <span class='ocrx_word' id='word_1_33' title='bbox 1157 641 1176 670; x_wconf 89' lang='grc' dir='ltr'><strong><em>ι</em></strong></span> <span class='ocrx_word' id='word_1_34' title='bbox 1194 661 1206 684; x_wconf 85' lang='lat'><em>,</em></span> <span class='ocrx_word' id='word_1_35' title='bbox 1239 640 1300 683; x_wconf 89' lang='lat'><strong>70</strong></span> <span class='ocrx_word' id='word_1_36' title='bbox 1325 640 1337 669; x_wconf 74' lang='grc' dir='ltr'><strong><em>ε</em></strong></span> 
     </span>
    </p>
   </div>
   <div class='ocr_carea' id='block_1_3' title="bbox 425 779 1334 894">
    <p class='ocr_par' dir='ltr' id='par_1_4' title="bbox 425 779 1334 894">
     <span class='ocr_line' id='line_1_6' title="bbox 433 779 1334 845; baseline -0.006 -20"><span class='ocrx_word' id='word_1_37' title='bbox 433 814 445 826; x_wconf 90' lang='grc'><strong>.</strong></span> <span class='ocrx_word' id='word_1_38' title='bbox 463 813 474 825; x_wconf 90' lang='grc'><strong>.</strong></span> <span class='ocrx_word' id='word_1_39' title='bbox 493 814 503 823; x_wconf 93' lang='grc'><strong>.</strong></span> <span class='ocrx_word' id='word_1_40' title='bbox 523 814 532 823; x_wconf 96' lang='grc'><strong>.</strong></span> <span class='ocrx_word' id='word_1_41' title='bbox 554 783 722 845; x_wconf 81' lang='lat' dir='ltr'><strong>Memini</strong></span> <span class='ocrx_word' id='word_1_42' title='bbox 749 796 836 837; x_wconf 81' lang='lat' dir='ltr'><strong>quae</strong></span> <span class='ocrx_word' id='word_1_43' title='bbox 862 782 1063 836; x_wconf 74' lang='lat' dir='ltr'><strong>plagosum</strong></span> <span class='ocrx_word' id='word_1_44' title='bbox 1087 779 1186 821; x_wconf 88' lang='lat' dir='ltr'><strong>mihi</strong></span> <span class='ocrx_word' id='word_1_45' title='bbox 1211 792 1334 835; x_wconf 78' lang='lat' dir='ltr'><strong>parvo</strong></span> 
     </span>
     <span class='ocr_line' id='line_1_7' title="bbox 425 851 1304 894; baseline -0.003 -1"><span class='ocrx_word' id='word_1_46' title='bbox 425 852 626 894; x_wconf 79' lang='lat' dir='ltr'>Orbilium</span> <span class='ocrx_word' id='word_1_47' title='bbox 650 851 814 893; x_wconf 85' lang='lat' dir='ltr'><strong>dictare.</strong></span> <span class='ocrx_word' id='word_1_48' title='bbox 1301 857 1304 860; x_wconf 84' lang='lat'>&#39;</span> 
     </span>
    </p>
   </div>
   <div class='ocr_carea' id='block_1_4' title="bbox 319 984 1980 1048">
    <p class='ocr_par' dir='ltr' id='par_1_5' title="bbox 319 984 1980 1048">
     <span class='ocr_line' id='line_1_8' title="bbox 319 984 1980 1048; baseline -0.002 -15"><span class='ocrx_word' id='word_1_49' title='bbox 319 989 526 1033; x_wconf 83' lang='lat' dir='ltr'><strong>Marsus.</strong></span> <span class='ocrx_word' id='word_1_50' title='bbox 558 990 703 1048; x_wconf 85' lang='lat' dir='ltr'><strong>Poeta</strong></span> <span class='ocrx_word' id='word_1_51' title='bbox 729 985 1191 1047; x_wconf 83' lang='lat' dir='ltr'>epigrammatarius,</span> <span class='ocrx_word' id='word_1_52' title='bbox 1226 985 1286 1032; x_wconf 89' lang='lat' dir='ltr'><strong>de</strong></span> <span class='ocrx_word' id='word_1_53' title='bbox 1320 1000 1421 1047; x_wconf 89' lang='lat' dir='ltr'><strong>quo</strong></span> <span class='ocrx_word' id='word_1_54' title='bbox 1444 984 1649 1031; x_wconf 85' lang='lat' dir='ltr'><strong>Martial.</strong></span> <span class='ocrx_word' id='word_1_55' title='bbox 1667 1018 1680 1042; x_wconf 93' lang='lat'>‚</span> <span class='ocrx_word' id='word_1_56' title='bbox 1704 999 1748 1043; x_wconf 81' lang='lat' dir='ltr'><strong>r,</strong></span> <span class='ocrx_word' id='word_1_57' title='bbox 1775 984 1866 1044; x_wconf 81' lang='lat'><strong>50,</strong></span> <span class='ocrx_word' id='word_1_58' title='bbox 1901 984 1929 1030; x_wconf 86' lang='lat'>3</span> <span class='ocrx_word' id='word_1_59' title='bbox 1967 1001 1980 1029; x_wconf 76' lang='grc' dir='ltr'><strong><em>ε</em></strong></span> 
     </span>
    </p>
   </div>
   <div class='ocr_carea' id='block_1_5' title="bbox 426 1108 1455 1165">
    <p class='ocr_par' dir='ltr' id='par_1_6' title="bbox 426 1108 1455 1165">
     <span class='ocr_line' id='line_1_9' title="bbox 426 1108 1455 1165; baseline -0.003 -12"><span class='ocrx_word' id='word_1_60' title='bbox 426 1111 607 1154; x_wconf 80' lang='lat' dir='ltr'><strong>Protinus</strong></span> <span class='ocrx_word' id='word_1_61' title='bbox 632 1118 701 1152; x_wconf 87' lang='lat' dir='ltr'><strong>aut</strong></span> <span class='ocrx_word' id='word_1_62' title='bbox 724 1110 849 1152; x_wconf 76' lang='lat' dir='ltr'><strong>Marsi</strong></span> <span class='ocrx_word' id='word_1_63' title='bbox 871 1110 1013 1151; x_wconf 77' lang='lat' dir='ltr'>recitas</span> <span class='ocrx_word' id='word_1_64' title='bbox 1037 1117 1106 1151; x_wconf 82' lang='lat' dir='ltr'><strong>aut</strong></span> <span class='ocrx_word' id='word_1_65' title='bbox 1128 1109 1275 1165; x_wconf 75' lang='lat' dir='ltr'><strong>scripta</strong></span> <span class='ocrx_word' id='word_1_66' title='bbox 1295 1108 1455 1152; x_wconf 87' lang='lat' dir='ltr'><strong>Catulli.</strong></span> 
     </span>
    </p>
   </div>
   <div class='ocr_carea' id='block_1_6' title="bbox 231 1217 1983 2045">
    <p class='ocr_par' dir='ltr' id='par_1_7' title="bbox 253 1217 1767 1278">
     <span class='ocr_line' id='line_1_10' title="bbox 253 1217 1767 1278; baseline -0.003 -12"><span class='ocrx_word' id='word_1_67' title='bbox 253 1220 323 1266; x_wconf 82' lang='lat' dir='ltr'><strong>Cf.</strong></span> <span class='ocrx_word' id='word_1_68' title='bbox 351 1234 588 1278; x_wconf 73' lang='lat' dir='ltr'><strong>numium,</strong></span> <span class='ocrx_word' id='word_1_69' title='bbox 611 1234 740 1277; x_wconf 81' lang='lat' dir='ltr'><strong>vm,</strong></span> <span class='ocrx_word' id='word_1_70' title='bbox 766 1217 856 1276; x_wconf 80' lang='lat'><strong>82,</strong></span> <span class='ocrx_word' id='word_1_71' title='bbox 889 1233 934 1276; x_wconf 89' lang='lat'><strong>7,</strong></span> <span class='ocrx_word' id='word_1_72' title='bbox 958 1227 1005 1263; x_wconf 89' lang='lat' dir='ltr'><strong>et</strong></span> <span class='ocrx_word' id='word_1_73' title='bbox 1028 1218 1200 1275; x_wconf 85' lang='lat' dir='ltr'><strong>Ovm.‚</strong></span> <span class='ocrx_word' id='word_1_74' title='bbox 1229 1218 1290 1262; x_wconf 88' lang='lat' dir='ltr'><strong>de</strong></span> <span class='ocrx_word' id='word_1_75' title='bbox 1320 1218 1487 1272; x_wconf 59' lang='lat' dir='ltr'><strong>Pom„</strong></span> <span class='ocrx_word' id='word_1_76' title='bbox 1516 1232 1585 1276; x_wconf 74' lang='lat' dir='ltr'><strong>iv,</strong></span> <span class='ocrx_word' id='word_1_77' title='bbox 1615 1217 1697 1275; x_wconf 88' lang='lat'><strong>16,</strong></span> <span class='ocrx_word' id='word_1_78' title='bbox 1724 1217 1767 1263; x_wconf 83' lang='lat'><strong>5.</strong></span> 
     </span>
    </p>

    <p class='ocr_par' dir='ltr' id='par_1_8' title="bbox 318 1294 1362 1359">
     <span class='ocr_line' id='line_1_11' title="bbox 318 1294 1362 1359; baseline -0.004 -16"><span class='ocrx_word' id='word_1_79' title='bbox 318 1301 656 1359; x_wconf 80' lang='lat' dir='ltr'><em>Interrogatus.</em></span> <span class='ocrx_word' id='word_1_80' title='bbox 681 1296 751 1342; x_wconf 86' lang='lat' dir='ltr'><strong>Cf.</strong></span> <span class='ocrx_word' id='word_1_81' title='bbox 777 1298 1001 1342; x_wconf 56' lang='lat' dir='ltr'><strong>Macnon.</strong></span> <span class='ocrx_word' id='word_1_82' title='bbox 1018 1329 1032 1355; x_wconf 91' lang='lat'><strong><em>,</em></strong></span> <span class='ocrx_word' id='word_1_83' title='bbox 1059 1296 1156 1340; x_wconf 87' lang='lat' dir='ltr'><strong>Sat.</strong></span> <span class='ocrx_word' id='word_1_84' title='bbox 1171 1327 1188 1349; x_wconf 89' lang='lat'><strong><em>,</em></strong></span> <span class='ocrx_word' id='word_1_85' title='bbox 1214 1310 1283 1353; x_wconf 89' lang='lat'><strong>11,</strong></span> <span class='ocrx_word' id='word_1_86' title='bbox 1315 1294 1362 1340; x_wconf 88' lang='lat'><strong>6.</strong></span> 
     </span>
    </p>

    <p class='ocr_par' dir='ltr' id='par_1_9' title="bbox 318 1370 1853 1433">
     <span class='ocr_line' id='line_1_12' title="bbox 318 1370 1853 1433; baseline -0.003 -12"><span class='ocrx_word' id='word_1_87' title='bbox 318 1377 426 1421; x_wconf 66' lang='lat' dir='ltr'><strong>Cn.</strong></span> <span class='ocrx_word' id='word_1_88' title='bbox 462 1377 526 1421; x_wconf 88' lang='lat' dir='ltr'><strong>X.</strong></span> <span class='ocrx_word' id='word_1_89' title='bbox 557 1374 910 1420; x_wconf 75' lang='lat' dir='ltr'><em>Eratosthenes.</em></span> <span class='ocrx_word' id='word_1_90' title='bbox 935 1373 1007 1417; x_wconf 89' lang='lat' dir='ltr'><strong>De</strong></span> <span class='ocrx_word' id='word_1_91' title='bbox 1031 1387 1130 1433; x_wconf 92' lang='lat' dir='ltr'><strong>quo</strong></span> <span class='ocrx_word' id='word_1_92' title='bbox 1154 1371 1264 1417; x_wconf 80' lang='lat' dir='ltr'><strong>vide</strong></span> <span class='ocrx_word' id='word_1_93' title='bbox 1288 1372 1461 1417; x_wconf 68' lang='lat' dir='ltr'><strong>S‘rnn.</strong></span> <span class='ocrx_word' id='word_1_94' title='bbox 1476 1406 1489 1429; x_wconf 93' lang='lat'>‚</span> <span class='ocrx_word' id='word_1_95' title='bbox 1513 1386 1642 1429; x_wconf 84' lang='lat' dir='ltr'><strong>xvn,</strong></span> <span class='ocrx_word' id='word_1_96' title='bbox 1666 1385 1714 1432; x_wconf 89' lang='lat' dir='ltr'><strong>p.</strong></span> <span class='ocrx_word' id='word_1_97' title='bbox 1743 1370 1853 1430; x_wconf 83' lang='lat'><strong>576.</strong></span> 
     </span>
    </p>

    <p class='ocr_par' dir='ltr' id='par_1_10' title="bbox 231 1447 1982 1824">
     <span class='ocr_line' id='line_1_13' title="bbox 316 1447 1981 1509; baseline -0.001 -13"><span class='ocrx_word' id='word_1_98' title='bbox 316 1451 568 1497; x_wconf 59' lang='lat' dir='ltr'><strong>Prima-52...</strong></span> <span class='ocrx_word' id='word_1_99' title='bbox 593 1450 861 1496; x_wconf 80' lang='lat' dir='ltr'><em>vindicavit.</em></span> <span class='ocrx_word' id='word_1_100' title='bbox 878 1450 984 1495; x_wconf 88' lang='lat' dir='ltr'><strong>Hoc</strong></span> <span class='ocrx_word' id='word_1_101' title='bbox 1005 1447 1308 1509; x_wconf 82' lang='lat' dir='ltr'>Apollodoro</span> <span class='ocrx_word' id='word_1_102' title='bbox 1332 1448 1547 1493; x_wconf 90' lang='lat' dir='ltr'><strong>Cumano</strong></span> <span class='ocrx_word' id='word_1_103' title='bbox 1573 1448 1742 1492; x_wconf 83' lang='lat' dir='ltr'>tribuit</span> <span class='ocrx_word' id='word_1_104' title='bbox 1766 1449 1981 1494; x_wconf 81' lang='lat' dir='ltr'><strong>Clemens</strong></span> 
     </span>
     <span class='ocr_line' id='line_1_14' title="bbox 250 1523 1981 1590; baseline 0.001 -16"><span class='ocrx_word' id='word_1_105' title='bbox 250 1527 507 1586; x_wconf 63' lang='lat' dir='ltr'><strong>Alexand„</strong></span> <span class='ocrx_word' id='word_1_106' title='bbox 523 1528 690 1574; x_wconf 80' lang='lat' dir='ltr'><strong>Strom.</strong></span> <span class='ocrx_word' id='word_1_107' title='bbox 702 1558 720 1582; x_wconf 90' lang='lat'>‚</span> <span class='ocrx_word' id='word_1_108' title='bbox 748 1542 793 1584; x_wconf 88' lang='lat'><strong>1,</strong></span> <span class='ocrx_word' id='word_1_109' title='bbox 816 1541 866 1587; x_wconf 88' lang='lat' dir='ltr'><strong>p.</strong></span> <span class='ocrx_word' id='word_1_110' title='bbox 901 1525 999 1586; x_wconf 83' lang='lat'><strong>309</strong></span> <span class='ocrx_word' id='word_1_111' title='bbox 1016 1541 1037 1573; x_wconf 62' lang='grc' dir='ltr'><strong><em>ὃ</em></strong></span> <span class='ocrx_word' id='word_1_112' title='bbox 1061 1523 1350 1589; x_wconf 68' lang='grc' dir='ltr'>Ᾱπολλόὸωρος</span> <span class='ocrx_word' id='word_1_113' title='bbox 1384 1528 1434 1574; x_wconf 68' lang='grc' dir='ltr'><strong>δὲ</strong></span> <span class='ocrx_word' id='word_1_114' title='bbox 1455 1533 1476 1574; x_wconf 78' lang='grc' dir='ltr'><strong><em>ὃ</em></strong></span> <span class='ocrx_word' id='word_1_115' title='bbox 1504 1532 1711 1590; x_wconf 79' lang='grc' dir='ltr'><strong>Κυμαῖος,</strong></span> <span class='ocrx_word' id='word_1_116' title='bbox 1733 1538 1889 1589; x_wconf 78' lang='grc' dir='ltr'>πρῶτος</span> <span class='ocrx_word' id='word_1_117' title='bbox 1910 1539 1981 1575; x_wconf 85' lang='grc' dir='ltr'><strong>τοῦ</strong></span> 
     </span>
     <span class='ocr_line' id='line_1_15' title="bbox 236 1598 1981 1670; baseline -0.002 -15"><span class='ocrx_word' id='word_1_118' title='bbox 236 1607 430 1670; x_wconf 70' lang='grc' dir='ltr'><strong>4κριτικοῦ</strong></span> <span class='ocrx_word' id='word_1_119' title='bbox 476 1611 724 1668; x_wconf 68' lang='grc' dir='ltr'>εἰσηγήσατο</span> <span class='ocrx_word' id='word_1_120' title='bbox 762 1609 966 1668; x_wconf 76' lang='grc' dir='ltr'>τοῦνομα,</span> <span class='ocrx_word' id='word_1_121' title='bbox 1006 1606 1075 1651; x_wconf 77' lang='grc' dir='ltr'><strong>καὶ</strong></span> <span class='ocrx_word' id='word_1_122' title='bbox 1115 1608 1400 1666; x_wconf 70' lang='grc' dir='ltr'><strong>’γραμματικὸς</strong></span> <span class='ocrx_word' id='word_1_123' title='bbox 1431 1610 1743 1665; x_wconf 79' lang='grc' dir='ltr'>προσηγορεύθη.</span> <span class='ocrx_word' id='word_1_124' title='bbox 1778 1598 1885 1652; x_wconf 55' lang='lat' dir='ltr'><strong>livien.</strong></span> <span class='ocrx_word' id='word_1_125' title='bbox 1929 1605 1981 1651; x_wconf 69' lang='grc' dir='ltr'><strong>δὲ</strong></span> 
     </span>
     <span class='ocr_line' id='line_1_16' title="bbox 231 1679 1982 1747; baseline -0.002 -15"><span class='ocrx_word' id='word_1_126' title='bbox 231 1680 502 1747; x_wconf 65' lang='grc' dir='ltr'>Ἐρατοσθένη</span> <span class='ocrx_word' id='word_1_127' title='bbox 530 1688 597 1730; x_wconf 78' lang='grc' dir='ltr'><strong>τὸν</strong></span> <span class='ocrx_word' id='word_1_128' title='bbox 627 1686 850 1746; x_wconf 76' lang='grc' dir='ltr'>Κυρηναῖόν</span> <span class='ocrx_word' id='word_1_129' title='bbox 875 1701 995 1744; x_wconf 79' lang='grc' dir='ltr'>φασιν</span> <span class='ocrx_word' id='word_1_130' title='bbox 1010 1689 1019 1698; x_wconf 88' lang='grc'><strong>”</strong></span> <span class='ocrx_word' id='word_1_131' title='bbox 1043 1681 1189 1733; x_wconf 71' lang='grc' dir='ltr'><strong>ἐπειδὴ</strong></span> <span class='ocrx_word' id='word_1_132' title='bbox 1207 1682 1400 1735; x_wconf 66' lang='grc' dir='ltr'><strong>ἐξέδωκαν</strong></span> <span class='ocrx_word' id='word_1_133' title='bbox 1423 1679 1533 1734; x_wconf 78' lang='grc' dir='ltr'>οὗτος</span> <span class='ocrx_word' id='word_1_134' title='bbox 1555 1682 1695 1727; x_wconf 59' lang='lat' dir='ltr'><strong>§texta</strong></span> <span class='ocrx_word' id='word_1_135' title='bbox 1727 1682 1822 1738; x_wconf 70' lang='grc' dir='ltr'>δύο,</span> <span class='ocrx_word' id='word_1_136' title='bbox 1853 1702 1982 1744; x_wconf 73' lang='grc' dir='ltr'>γραμ-</span> 
     </span>
     <span class='ocr_line' id='line_1_17' title="bbox 251 1758 1323 1824; baseline -0.004 -15"><span class='ocrx_word' id='word_1_137' title='bbox 251 1765 409 1823; x_wconf 68' lang='grc' dir='ltr'><strong>ματικοὶ</strong></span> <span class='ocrx_word' id='word_1_138' title='bbox 436 1763 918 1824; x_wconf 79' lang='grc' dir='ltr'>ἐπιγράψας’·ὼνομοίσθη</span> <span class='ocrx_word' id='word_1_139' title='bbox 947 1758 999 1807; x_wconf 61' lang='grc' dir='ltr'><strong>δὲ</strong></span> <span class='ocrx_word' id='word_1_140' title='bbox 1028 1763 1323 1821; x_wconf 76' lang='grc' dir='ltr'><strong>γραμματικός.</strong></span> 
     </span>
    </p>

    <p class='ocr_par' dir='ltr' id='par_1_11' title="bbox 248 1831 1983 2045">
     <span class='ocr_line' id='line_1_18' title="bbox 317 1831 1983 1895; baseline -0.001 -13"><span class='ocrx_word' id='word_1_141' title='bbox 317 1837 426 1882; x_wconf 67' lang='lat' dir='ltr'><strong>Cn.</strong></span> <span class='ocrx_word' id='word_1_142' title='bbox 465 1837 552 1882; x_wconf 86' lang='lat' dir='ltr'><strong>XI.</strong></span> <span class='ocrx_word' id='word_1_143' title='bbox 594 1835 772 1880; x_wconf 83' lang='lat' dir='ltr'><strong><em>Ticida.</em></strong></span> <span class='ocrx_word' id='word_1_144' title='bbox 805 1836 952 1880; x_wconf 88' lang='lat' dir='ltr'><strong>Poeta</strong></span> <span class='ocrx_word' id='word_1_145' title='bbox 998 1832 1089 1879; x_wconf 77' lang='lat' dir='ltr'><strong>fuit</strong></span> <span class='ocrx_word' id='word_1_146' title='bbox 1125 1831 1562 1895; x_wconf 85' lang='lat' dir='ltr'><strong>epigrammatarius</strong></span> <span class='ocrx_word' id='word_1_147' title='bbox 1596 1832 1732 1893; x_wconf 88' lang='lat' dir='ltr'><strong>cujus</strong></span> <span class='ocrx_word' id='word_1_148' title='bbox 1770 1833 1983 1880; x_wconf 86' lang='lat' dir='ltr'><strong>meminit</strong></span> 
     </span>
     <span class='ocr_line' id='line_1_19' title="bbox 248 1908 1979 1971; baseline -0.001 -13"><span class='ocrx_word' id='word_1_149' title='bbox 248 1911 418 1969; x_wconf 63' lang='lat' dir='ltr'><strong>Ovid„</strong></span> <span class='ocrx_word' id='word_1_150' title='bbox 451 1911 615 1967; x_wconf 63' lang='lat' dir='ltr'><strong>Trist„</strong></span> <span class='ocrx_word' id='word_1_151' title='bbox 656 1925 725 1969; x_wconf 87' lang='grc' dir='ltr'><strong>ιι,</strong></span> <span class='ocrx_word' id='word_1_152' title='bbox 752 1908 864 1966; x_wconf 74' lang='lat'><strong>433.</strong></span> <span class='ocrx_word' id='word_1_153' title='bbox 903 1909 1082 1957; x_wconf 86' lang='lat' dir='ltr'><strong>Eadem</strong></span> <span class='ocrx_word' id='word_1_154' title='bbox 1119 1918 1254 1956; x_wconf 82' lang='lat' dir='ltr'><strong>aetate</strong></span> <span class='ocrx_word' id='word_1_155' title='bbox 1285 1908 1504 1955; x_wconf 88' lang='lat' dir='ltr'><strong>inclaruit</strong></span> <span class='ocrx_word' id='word_1_156' title='bbox 1535 1925 1633 1971; x_wconf 87' lang='lat' dir='ltr'><strong>qua</strong></span> <span class='ocrx_word' id='word_1_157' title='bbox 1665 1910 1845 1968; x_wconf 89' lang='lat' dir='ltr'><strong>Cinna,</strong></span> <span class='ocrx_word' id='word_1_158' title='bbox 1884 1913 1979 1957; x_wconf 91' lang='lat' dir='ltr'><strong>Ca-</strong></span> 
     </span>
     <span class='ocr_line' id='line_1_20' title="bbox 250 1985 1846 2045; baseline 0.001 -14"><span class='ocrx_word' id='word_1_159' title='bbox 250 1989 391 2034; x_wconf 91' lang='lat' dir='ltr'><strong>tullus</strong></span> <span class='ocrx_word' id='word_1_160' title='bbox 431 1996 478 2033; x_wconf 89' lang='lat' dir='ltr'><strong>et</strong></span> <span class='ocrx_word' id='word_1_161' title='bbox 516 1985 794 2033; x_wconf 85' lang='lat' dir='ltr'><strong>Cornificus.</strong></span> <span class='ocrx_word' id='word_1_162' title='bbox 824 1985 950 2032; x_wconf 80' lang='lat' dir='ltr'><strong>Vide</strong></span> <span class='ocrx_word' id='word_1_163' title='bbox 972 1986 1200 2045; x_wconf 66' lang='lat' dir='ltr'><strong>Canu-n,</strong></span> <span class='ocrx_word' id='word_1_164' title='bbox 1228 1987 1290 2033; x_wconf 85' lang='lat' dir='ltr'><strong>de</strong></span> <span class='ocrx_word' id='word_1_165' title='bbox 1309 1987 1441 2032; x_wconf 85' lang='lat' dir='ltr'><strong>Poet.</strong></span> <span class='ocrx_word' id='word_1_166' title='bbox 1467 1987 1604 2032; x_wconf 83' lang='lat' dir='ltr'><strong>latin.</strong></span> <span class='ocrx_word' id='word_1_167' title='bbox 1619 2021 1635 2043; x_wconf 95' lang='lat'><em>,</em></span> <span class='ocrx_word' id='word_1_168' title='bbox 1666 2002 1737 2045; x_wconf 82' lang='grc' dir='ltr'><strong>ιι,</strong></span> <span class='ocrx_word' id='word_1_169' title='bbox 1768 1988 1846 2035; x_wconf 85' lang='lat'><strong>33.</strong></span> 
     </span>
    </p>
   </div>
   <div class='ocr_carea' id='block_1_7' title="bbox 247 2072 1982 2207">
    <p class='ocr_par' dir='ltr' id='par_1_12' title="bbox 247 2072 1982 2207">
     <span class='ocr_line' id='line_1_21' title="bbox 321 2072 1982 2137; baseline 0 -17"><span class='ocrx_word' id='word_1_170' title='bbox 321 2075 484 2120; x_wconf 82' lang='lat' dir='ltr'><strong>Cinna.</strong></span> <span class='ocrx_word' id='word_1_171' title='bbox 507 2077 656 2122; x_wconf 86' lang='lat' dir='ltr'><strong>Poeta</strong></span> <span class='ocrx_word' id='word_1_172' title='bbox 678 2074 771 2120; x_wconf 82' lang='lat' dir='ltr'><strong>fuit</strong></span> <span class='ocrx_word' id='word_1_173' title='bbox 801 2072 1250 2137; x_wconf 83' lang='lat' dir='ltr'><strong>epigrammatarius.</strong></span> <span class='ocrx_word' id='word_1_174' title='bbox 1285 2074 1356 2120; x_wconf 83' lang='lat' dir='ltr'><strong>ef.</strong></span> <span class='ocrx_word' id='word_1_175' title='bbox 1375 2074 1572 2120; x_wconf 70' lang='lat' dir='ltr'><strong>Canu-r.</strong></span> <span class='ocrx_word' id='word_1_176' title='bbox 1588 2108 1602 2133; x_wconf 92' lang='lat'>,</span> <span class='ocrx_word' id='word_1_177' title='bbox 1624 2075 1733 2120; x_wconf 82' lang='lat' dir='ltr'><strong>ibid.</strong></span> <span class='ocrx_word' id='word_1_178' title='bbox 1750 2108 1765 2130; x_wconf 93' lang='lat'><strong><em>,</em></strong></span> <span class='ocrx_word' id='word_1_179' title='bbox 1802 2074 1879 2121; x_wconf 82' lang='lat'><strong>30.</strong></span> <span class='ocrx_word' id='word_1_180' title='bbox 1908 2077 1982 2123; x_wconf 85' lang='lat' dir='ltr'><strong>De</strong></span> 
     </span>
     <span class='ocr_line' id='line_1_22' title="bbox 247 2149 831 2207; baseline 0.005 -13"><span class='ocrx_word' id='word_1_181' title='bbox 247 2151 338 2195; x_wconf 89' lang='lat' dir='ltr'><strong>hoc</strong></span> <span class='ocrx_word' id='word_1_182' title='bbox 365 2150 533 2206; x_wconf 84' lang='lat' dir='ltr'><strong>Ovid.,</strong></span> <span class='ocrx_word' id='word_1_183' title='bbox 555 2151 589 2196; x_wconf 91' lang='lat' dir='ltr'><strong>l.</strong></span> <span class='ocrx_word' id='word_1_184' title='bbox 613 2166 652 2196; x_wconf 94' lang='lat' dir='ltr'><strong>c.</strong></span> <span class='ocrx_word' id='word_1_185' title='bbox 668 2183 685 2207; x_wconf 85' lang='lat'><em>,</em></span> <span class='ocrx_word' id='word_1_186' title='bbox 701 2149 794 2205; x_wconf 73' lang='lat'><strong>435</strong></span> <span class='ocrx_word' id='word_1_187' title='bbox 819 2168 831 2196; x_wconf 92' lang='lat'>:</span> 
     </span>
    </p>
   </div>
   <div class='ocr_carea' id='block_1_8' title="bbox 424 2265 1716 2321">
    <p class='ocr_par' dir='ltr' id='par_1_13' title="bbox 424 2265 1716 2321">
     <span class='ocr_line' id='line_1_23' title="bbox 424 2265 1716 2321; baseline 0.001 -15"><span class='ocrx_word' id='word_1_188' title='bbox 424 2265 551 2306; x_wconf 77' lang='lat' dir='ltr'><strong>Cinna</strong></span> <span class='ocrx_word' id='word_1_189' title='bbox 577 2279 735 2319; x_wconf 84' lang='lat' dir='ltr'><strong>quoque</strong></span> <span class='ocrx_word' id='word_1_190' title='bbox 761 2265 828 2307; x_wconf 89' lang='lat' dir='ltr'><strong>hic</strong></span> <span class='ocrx_word' id='word_1_191' title='bbox 853 2280 984 2307; x_wconf 81' lang='lat' dir='ltr'><strong>comes</strong></span> <span class='ocrx_word' id='word_1_192' title='bbox 1004 2275 1087 2316; x_wconf 86' lang='lat' dir='ltr'><strong>est,</strong></span> <span class='ocrx_word' id='word_1_193' title='bbox 1111 2266 1320 2321; x_wconf 82' lang='lat' dir='ltr'><strong>Cinnaque</strong></span> <span class='ocrx_word' id='word_1_194' title='bbox 1343 2265 1550 2321; x_wconf 79' lang='lat' dir='ltr'><strong>procacior</strong></span> <span class='ocrx_word' id='word_1_195' title='bbox 1575 2269 1716 2308; x_wconf 77' lang='lat' dir='ltr'><strong>Anser.</strong></span> 
     </span>
    </p>
   </div>
   <div class='ocr_carea' id='block_1_9' title="bbox 248 2386 1981 3373">
    <p class='ocr_par' dir='ltr' id='par_1_14' title="bbox 248 2386 1981 2525">
     <span class='ocr_line' id='line_1_24' title="bbox 321 2386 1981 2450; baseline -0.001 -17"><span class='ocrx_word' id='word_1_196' title='bbox 321 2387 597 2433; x_wconf 51' lang='lat' dir='ltr'><strong>Custodia...</strong></span> <span class='ocrx_word' id='word_1_197' title='bbox 622 2386 808 2448; x_wconf 82' lang='lat' dir='ltr'><strong>Priapi.</strong></span> <span class='ocrx_word' id='word_1_198' title='bbox 838 2388 930 2432; x_wconf 91' lang='lat' dir='ltr'><strong>Pro</strong></span> <span class='ocrx_word' id='word_1_199' title='bbox 953 2388 1141 2433; x_wconf 81' lang='lat' dir='ltr'><strong>custode</strong></span> <span class='ocrx_word' id='word_1_200' title='bbox 1173 2387 1380 2450; x_wconf 79' lang='lat' dir='ltr'><strong>Priapo,</strong></span> <span class='ocrx_word' id='word_1_201' title='bbox 1414 2396 1460 2434; x_wconf 87' lang='lat' dir='ltr'><strong>et</strong></span> <span class='ocrx_word' id='word_1_202' title='bbox 1498 2387 1547 2432; x_wconf 90' lang='lat' dir='ltr'><strong>in</strong></span> <span class='ocrx_word' id='word_1_203' title='bbox 1581 2388 1686 2449; x_wconf 86' lang='lat' dir='ltr'><strong>ipso</strong></span> <span class='ocrx_word' id='word_1_204' title='bbox 1717 2387 1811 2433; x_wconf 87' lang='lat' dir='ltr'><strong>hoc</strong></span> <span class='ocrx_word' id='word_1_205' title='bbox 1843 2388 1981 2450; x_wconf 87' lang='lat' dir='ltr'><strong>geni-</strong></span> 
     </span>
     <span class='ocr_line' id='line_1_25' title="bbox 248 2464 1131 2525; baseline 0.001 -15"><span class='ocrx_word' id='word_1_206' title='bbox 248 2464 346 2510; x_wconf 83' lang='lat' dir='ltr'><strong>tivo</strong></span> <span class='ocrx_word' id='word_1_207' title='bbox 371 2473 443 2510; x_wconf 88' lang='lat' dir='ltr'><strong>est</strong></span> <span class='ocrx_word' id='word_1_208' title='bbox 463 2465 622 2525; x_wconf 88' lang='lat' dir='ltr'><strong>lepos,</strong></span> <span class='ocrx_word' id='word_1_209' title='bbox 653 2464 853 2509; x_wconf 89' lang='lat' dir='ltr'><strong>docente</strong></span> <span class='ocrx_word' id='word_1_210' title='bbox 883 2465 952 2510; x_wconf 91' lang='lat' dir='ltr'><strong>Cl.</strong></span> <span class='ocrx_word' id='word_1_211' title='bbox 985 2466 1131 2511; x_wconf 83' lang='lat' dir='ltr'><strong>Hase.</strong></span> 
     </span>
    </p>

    <p class='ocr_par' dir='ltr' id='par_1_15' title="bbox 321 2539 1387 2603">
     <span class='ocr_line' id='line_1_26' title="bbox 321 2539 1387 2603; baseline 0.001 -17"><span class='ocrx_word' id='word_1_212' title='bbox 321 2540 420 2586; x_wconf 87' lang='lat' dir='ltr'><strong>Cor.</strong></span> <span class='ocrx_word' id='word_1_213' title='bbox 444 2541 591 2603; x_wconf 85' lang='lat' dir='ltr'><strong>Apud</strong></span> <span class='ocrx_word' id='word_1_214' title='bbox 612 2540 808 2586; x_wconf 81' lang='lat' dir='ltr'><strong>Latinos</strong></span> <span class='ocrx_word' id='word_1_215' title='bbox 833 2539 892 2587; x_wconf 90' lang='lat' dir='ltr'><strong>de</strong></span> <span class='ocrx_word' id='word_1_216' title='bbox 917 2541 1174 2602; x_wconf 88' lang='lat' dir='ltr'><strong>prudentia</strong></span> <span class='ocrx_word' id='word_1_217' title='bbox 1197 2540 1387 2587; x_wconf 85' lang='lat' dir='ltr'><strong>dicitur.</strong></span> 
     </span>
    </p>

    <p class='ocr_par' dir='ltr' id='par_1_16' title="bbox 249 2616 1981 2983">
     <span class='ocr_line' id='line_1_27' title="bbox 321 2616 1981 2686; baseline 0.005 -23"><span class='ocrx_word' id='word_1_218' title='bbox 321 2619 562 2664; x_wconf 78' lang='lat' dir='ltr'><strong>Zenodoti.</strong></span> <span class='ocrx_word' id='word_1_219' title='bbox 586 2620 660 2664; x_wconf 89' lang='lat' dir='ltr'><strong>De</strong></span> <span class='ocrx_word' id='word_1_220' title='bbox 688 2633 784 2678; x_wconf 88' lang='lat' dir='ltr'><strong>quo</strong></span> <span class='ocrx_word' id='word_1_221' title='bbox 814 2616 983 2665; x_wconf 85' lang='lat' dir='ltr'><strong>Suidas</strong></span> <span class='ocrx_word' id='word_1_222' title='bbox 1008 2634 1019 2663; x_wconf 73' lang='lat'><em>2</em></span> <span class='ocrx_word' id='word_1_223' title='bbox 1046 2621 1266 2675; x_wconf 70' lang='grc' dir='ltr'>Ζηνόδοτος</span> <span class='ocrx_word' id='word_1_224' title='bbox 1288 2616 1454 2683; x_wconf 63' lang='grc' dir='ltr'><strong>ἑφίσιος</strong></span> <span class='ocrx_word' id='word_1_225' title='bbox 1484 2627 1671 2677; x_wconf 67' lang='grc' dir='ltr'><strong>ὄποποιὸς</strong></span> <span class='ocrx_word' id='word_1_226' title='bbox 1695 2625 1767 2671; x_wconf 71' lang='grc' dir='ltr'><strong>καὶ</strong></span> <span class='ocrx_word' id='word_1_227' title='bbox 1788 2643 1981 2686; x_wconf 72' lang='grc' dir='ltr'>γραμμα-</span> 
     </span>
     <span class='ocr_line' id='line_1_28' title="bbox 249 2700 1980 2761; baseline 0 -17"><span class='ocrx_word' id='word_1_228' title='bbox 249 2703 374 2755; x_wconf 78' lang='grc' dir='ltr'><strong>τικὸς,</strong></span> <span class='ocrx_word' id='word_1_229' title='bbox 405 2702 586 2759; x_wconf 74' lang='grc' dir='ltr'>μαθητὴς</span> <span class='ocrx_word' id='word_1_230' title='bbox 620 2706 691 2743; x_wconf 83' lang='grc' dir='ltr'><strong>τοῦ</strong></span> <span class='ocrx_word' id='word_1_231' title='bbox 724 2704 897 2754; x_wconf 75' lang='grc' dir='ltr'><strong>Φιλετᾶ,</strong></span> <span class='ocrx_word' id='word_1_232' title='bbox 938 2700 1002 2744; x_wconf 77' lang='grc' dir='ltr'><strong>ἐπὶ</strong></span> <span class='ocrx_word' id='word_1_233' title='bbox 1034 2702 1291 2760; x_wconf 78' lang='grc' dir='ltr'>Πτολεμαίου</span> <span class='ocrx_word' id='word_1_234' title='bbox 1315 2704 1486 2761; x_wconf 71' lang='grc' dir='ltr'>γεγονὼς</span> <span class='ocrx_word' id='word_1_235' title='bbox 1518 2707 1590 2746; x_wconf 82' lang='grc' dir='ltr'><strong>τοῦ</strong></span> <span class='ocrx_word' id='word_1_236' title='bbox 1625 2703 1808 2761; x_wconf 74' lang='grc' dir='ltr'>πρώτου,</span> <span class='ocrx_word' id='word_1_237' title='bbox 1841 2705 1880 2753; x_wconf 82' lang='grc' dir='ltr'><strong>ὃς</strong></span> <span class='ocrx_word' id='word_1_238' title='bbox 1908 2702 1980 2746; x_wconf 72' lang='grc' dir='ltr'><strong>καὶ</strong></span> 
     </span>
     <span class='ocr_line' id='line_1_29' title="bbox 251 2769 1978 2840; baseline 0.001 -19"><span class='ocrx_word' id='word_1_239' title='bbox 251 2784 409 2836; x_wconf 76' lang='grc' dir='ltr'>πρῶτος</span> <span class='ocrx_word' id='word_1_240' title='bbox 431 2783 501 2821; x_wconf 83' lang='grc' dir='ltr'><strong>τοῦ</strong></span> <span class='ocrx_word' id='word_1_241' title='bbox 525 2769 688 2836; x_wconf 53' lang='lat' dir='ltr'><strong>(Sp-‘lupen</strong></span> <span class='ocrx_word' id='word_1_242' title='bbox 718 2774 935 2836; x_wconf 69' lang='grc' dir='ltr'>ὃιορθωτης</span> <span class='ocrx_word' id='word_1_243' title='bbox 952 2778 1225 2840; x_wconf 49' lang='lat' dir='ltr'><strong>istut-maai</strong></span> <span class='ocrx_word' id='word_1_244' title='bbox 1250 2786 1329 2822; x_wconf 78' lang='grc' dir='ltr'><strong>τῶν</strong></span> <span class='ocrx_word' id='word_1_245' title='bbox 1360 2782 1398 2822; x_wconf 71' lang='grc' dir='ltr'><strong>ἐν</strong></span> <span class='ocrx_word' id='word_1_246' title='bbox 1418 2773 1692 2838; x_wconf 70' lang='grc' dir='ltr'>Ᾰλοξανὸρεὶᾳ</span> <span class='ocrx_word' id='word_1_247' title='bbox 1718 2778 1978 2826; x_wconf 71' lang='grc' dir='ltr'><strong>Ειὸλιοθηκῦν</strong></span> 
     </span>
     <span class='ocr_line' id='line_1_30' title="bbox 251 2852 1976 2916; baseline -0.002 -16"><span class='ocrx_word' id='word_1_248' title='bbox 251 2858 455 2915; x_wconf 78' lang='grc' dir='ltr'>προῦστη,</span> <span class='ocrx_word' id='word_1_249' title='bbox 477 2856 548 2900; x_wconf 76' lang='grc' dir='ltr'><strong>καὶ</strong></span> <span class='ocrx_word' id='word_1_250' title='bbox 577 2856 667 2906; x_wconf 79' lang='grc' dir='ltr'>τοὺς</span> <span class='ocrx_word' id='word_1_251' title='bbox 704 2853 863 2906; x_wconf 66' lang='grc' dir='ltr'>παῖδας</span> <span class='ocrx_word' id='word_1_252' title='bbox 895 2860 1152 2916; x_wconf 73' lang='grc' dir='ltr'>Πτολεμαίου</span> <span class='ocrx_word' id='word_1_253' title='bbox 1177 2855 1435 2902; x_wconf 69' lang='grc' dir='ltr'>ἐπαίδευσεν.</span> <span class='ocrx_word' id='word_1_254' title='bbox 1476 2852 1546 2898; x_wconf 87' lang='lat' dir='ltr'><strong>Cf.</strong></span> <span class='ocrx_word' id='word_1_255' title='bbox 1571 2854 1735 2910; x_wconf 63' lang='lat' dir='ltr'><strong>Voss„</strong></span> <span class='ocrx_word' id='word_1_256' title='bbox 1765 2852 1825 2896; x_wconf 79' lang='lat' dir='ltr'><strong>de</strong></span> <span class='ocrx_word' id='word_1_257' title='bbox 1855 2852 1976 2897; x_wconf 79' lang='lat' dir='ltr'><strong>Hist.</strong></span> 
     </span>
     <span class='ocr_line' id='line_1_31' title="bbox 253 2927 622 2983; baseline 0.003 -13"><span class='ocrx_word' id='word_1_258' title='bbox 253 2927 402 2971; x_wconf 87' lang='lat' dir='ltr'><strong>Groec.</strong></span> <span class='ocrx_word' id='word_1_259' title='bbox 419 2959 436 2981; x_wconf 92' lang='lat'><strong>,</strong></span> <span class='ocrx_word' id='word_1_260' title='bbox 462 2941 510 2983; x_wconf 88' lang='grc' dir='ltr'><strong>ι,</strong></span> <span class='ocrx_word' id='word_1_261' title='bbox 548 2941 568 2971; x_wconf 93' lang='grc' dir='ltr'><strong><em>ι</em></strong></span> <span class='ocrx_word' id='word_1_262' title='bbox 583 2943 622 2971; x_wconf 91' lang='grc' dir='ltr'><strong>ι.</strong></span> 
     </span>
    </p>

    <p class='ocr_par' dir='ltr' id='par_1_17' title="bbox 251 3003 1976 3143">
     <span class='ocr_line' id='line_1_32' title="bbox 315 3003 1976 3067; baseline 0.002 -20"><span class='ocrx_word' id='word_1_263' title='bbox 315 3004 467 3049; x_wconf 83' lang='lat' dir='ltr'><strong>Jecur.</strong></span> <span class='ocrx_word' id='word_1_264' title='bbox 490 3003 726 3059; x_wconf 83' lang='lat' dir='ltr'><strong>—Jecur,</strong></span> <span class='ocrx_word' id='word_1_265' title='bbox 753 3003 916 3050; x_wconf 88' lang='lat' dir='ltr'><strong>eadem</strong></span> <span class='ocrx_word' id='word_1_266' title='bbox 951 3003 1129 3067; x_wconf 83' lang='lat' dir='ltr'><strong>ingenii</strong></span> <span class='ocrx_word' id='word_1_267' title='bbox 1165 3004 1508 3066; x_wconf 85' lang='lat' dir='ltr'><strong>significatione</strong></span> <span class='ocrx_word' id='word_1_268' title='bbox 1529 3006 1765 3067; x_wconf 85' lang='lat' dir='ltr'><strong>positum,</strong></span> <span class='ocrx_word' id='word_1_269' title='bbox 1789 3020 1976 3051; x_wconf 72' lang='lat' dir='ltr'><strong>sensum</strong></span> 
     </span>
     <span class='ocr_line' id='line_1_33' title="bbox 251 3080 1056 3143; baseline 0.005 -19"><span class='ocrx_word' id='word_1_270' title='bbox 251 3080 349 3126; x_wconf 85' lang='lat' dir='ltr'><strong>fere</strong></span> <span class='ocrx_word' id='word_1_271' title='bbox 371 3087 555 3126; x_wconf 89' lang='lat' dir='ltr'><strong>mutato</strong></span> <span class='ocrx_word' id='word_1_272' title='bbox 577 3080 815 3127; x_wconf 77' lang='lat' dir='ltr'><strong>vocabulo</strong></span> <span class='ocrx_word' id='word_1_273' title='bbox 838 3080 1056 3143; x_wconf 88' lang='lat' dir='ltr'><strong>geminat.</strong></span> 
     </span>
    </p>

    <p class='ocr_par' dir='ltr' id='par_1_18' title="bbox 319 3158 1543 3219">
     <span class='ocr_line' id='line_1_34' title="bbox 319 3158 1543 3219; baseline 0.001 -16"><span class='ocrx_word' id='word_1_274' title='bbox 319 3158 431 3203; x_wconf 72' lang='lat' dir='ltr'><strong>Cn.</strong></span> <span class='ocrx_word' id='word_1_275' title='bbox 463 3158 597 3204; x_wconf 83' lang='lat' dir='ltr'><strong>xlv.</strong></span> <span class='ocrx_word' id='word_1_276' title='bbox 622 3158 852 3218; x_wconf 80' lang='lat' dir='ltr'><strong>Epistola.</strong></span> <span class='ocrx_word' id='word_1_277' title='bbox 878 3159 1062 3219; x_wconf 89' lang='lat' dir='ltr'><strong>Nempe</strong></span> <span class='ocrx_word' id='word_1_278' title='bbox 1088 3161 1158 3204; x_wconf 84' lang='lat' dir='ltr'><strong>ad</strong></span> <span class='ocrx_word' id='word_1_279' title='bbox 1177 3161 1337 3216; x_wconf 67' lang='lat' dir='ltr'><strong>Fam„</strong></span> <span class='ocrx_word' id='word_1_280' title='bbox 1363 3175 1442 3217; x_wconf 80' lang='lat' dir='ltr'><strong>rx,</strong></span> <span class='ocrx_word' id='word_1_281' title='bbox 1474 3175 1543 3204; x_wconf 86' lang='grc' dir='ltr'><strong>ιο.</strong></span> 
     </span>
    </p>

    <p class='ocr_par' dir='ltr' id='par_1_19' title="bbox 318 3234 1544 3290">
     <span class='ocr_line' id='line_1_35' title="bbox 318 3234 1544 3290; baseline 0.002 -12"><span class='ocrx_word' id='word_1_282' title='bbox 318 3235 400 3278; x_wconf 83' lang='lat' dir='ltr'><strong>Ad</strong></span> <span class='ocrx_word' id='word_1_283' title='bbox 419 3234 636 3280; x_wconf 80' lang='lat' dir='ltr'><strong>Atticum.</strong></span> <span class='ocrx_word' id='word_1_284' title='bbox 668 3234 871 3290; x_wconf 80' lang='lat' dir='ltr'><strong>x11,26.</strong></span> <span class='ocrx_word' id='word_1_285' title='bbox 1537 3252 1544 3263; x_wconf 90' lang='lat'><strong>·</strong></span> 
     </span>
    </p>

    <p class='ocr_par' dir='ltr' id='par_1_20' title="bbox 318 3309 1971 3373">
     <span class='ocr_line' id='line_1_36' title="bbox 318 3309 1971 3373; baseline 0.003 -21"><span class='ocrx_word' id='word_1_286' title='bbox 318 3309 425 3353; x_wconf 69' lang='lat' dir='ltr'><strong>Cn.</strong></span> <span class='ocrx_word' id='word_1_287' title='bbox 445 3310 552 3354; x_wconf 86' lang='lat' dir='ltr'><strong>XV.</strong></span> <span class='ocrx_word' id='word_1_288' title='bbox 581 3310 815 3358; x_wconf 79' lang='lat' dir='ltr'><strong>Libertus.</strong></span> <span class='ocrx_word' id='word_1_289' title='bbox 836 3309 907 3356; x_wconf 87' lang='lat' dir='ltr'><strong>Cf.</strong></span> <span class='ocrx_word' id='word_1_290' title='bbox 922 3312 1087 3369; x_wconf 62' lang='lat' dir='ltr'><strong>Pure„</strong></span> <span class='ocrx_word' id='word_1_291' title='bbox 1112 3314 1171 3357; x_wconf 85' lang='lat' dir='ltr'><strong>H.</strong></span> <span class='ocrx_word' id='word_1_292' title='bbox 1199 3314 1257 3358; x_wconf 89' lang='grc' dir='ltr'><strong>Ν.</strong></span> <span class='ocrx_word' id='word_1_293' title='bbox 1273 3347 1288 3370; x_wconf 88' lang='grc'><em>,</em></span> <span class='ocrx_word' id='word_1_294' title='bbox 1315 3328 1438 3373; x_wconf 84' lang='lat' dir='ltr'>xxv,</span> <span class='ocrx_word' id='word_1_295' title='bbox 1461 3323 1507 3359; x_wconf 88' lang='lat' dir='ltr'><strong>et</strong></span> <span class='ocrx_word' id='word_1_296' title='bbox 1532 3316 1708 3367; x_wconf 58' lang='lat' dir='ltr'><strong>Gna„</strong></span> <span class='ocrx_word' id='word_1_297' title='bbox 1733 3328 1838 3358; x_wconf 74' lang='lat' dir='ltr'><strong>xvn</strong></span> <span class='ocrx_word' id='word_1_298' title='bbox 1854 3347 1867 3370; x_wconf 95' lang='lat'>‚</span> <span class='ocrx_word' id='word_1_299' title='bbox 1899 3313 1971 3358; x_wconf 81' lang='grc' dir='ltr'><strong>ιδ.</strong></span> 
     </span>
    </p>
   </div>
   <div class='ocr_carea' id='block_1_10' title="bbox 412 3414 1772 3458">
    <p class='ocr_par' dir='ltr' id='par_1_21' title="bbox 412 3414 1772 3458">
     <span class='ocr_line' id='line_1_37' title="bbox 412 3414 1772 3458; baseline 0.007 -10"><span class='ocrx_word' id='word_1_300' title='bbox 412 3414 473 3449; x_wconf 82' lang='grc' dir='ltr'><strong>Π.</strong></span> <span class='ocrx_word' id='word_1_301' title='bbox 1712 3422 1772 3458; x_wconf 85' lang='lat'><strong>21</strong></span> 
     </span>
    </p>
   </div>
  </div>
 </body>
</html>
