2372 3918
380 377 399 405 1
409 359 467 405 86
1148 356 1341 400 NOTAE

375 459 500 503 Flor.
517 490 529 513 ,
558 471 643 512 111,
671 470 732 499 20
757 470 767 498 :
796 454 891 498 «Et
908 453 1043 514 quod
1068 452 1155 497 sub
1184 452 1446 513 gladiatore
1463 451 1582 496 duce
1612 450 1847 510 oportuit,
1876 451 1974 497 sine
1999 453 2116 497 mis-

376 534 509 578 sione
540 540 803 592 pugnatum
825 538 907 575 est.
929 551 947 570 »

448 609 793 656 Co‘crcc'tc'onem.
831 607 939 652 Scil.
980 606 1056 665 jus
1095 605 1359 667 virgarum,
1406 614 1459 649 ut
1508 606 1649 651 docet
1686 607 1834 652 Tacit.
1854 641 1866 662 ‚
1914 609 2113 660 Annal„

378 703 444 744 11,
487 702 544 743 77
579 703 594 730 .·
631 687 843 730 «Actum
882 684 941 729 de
979 698 1032 728 ea
1071 682 1304 727 seditione
1344 683 1474 743 apud
1512 692 1696 742 patres,
1740 683 2116 743 dicebanturque

376 765 639 820 sententiae,
664 775 718 810 ut
739 764 1024 827 praetoribus
1045 762 1123 822 jus
1155 763 1396 825 virgarum
1432 762 1480 807 in
1503 762 1757 809 histriones
1781 771 1913 809 esset.
1936 782 1954 802 »

442 844 642 889 Ademit.
659 844 808 889 Tacit.
825 876 838 899 ‚
864 844 1040 887 Annal.
1055 875 1070 896 ,
1097 858 1115 886 1
1129 876 1142 899 ‚
1162 858 1220 899 77
1243 857 1253 884 :
1279 861 1298 881 «
1316 840 1479 886 Valuit
1501 849 1658 887 tamen
1680 840 1954 888 intercessio
1968 875 1981 897 ‚
2004 841 2118 901 qnia

369 921 513 971 ⁴divus
536 923 777 984 Augustus
811 920 1041 965 immunes
1075 920 1330 965 verberum
1360 918 1612 965 histriones
1643 919 1885 981 quondam
1917 932 2120 979 respon-

376 998 581 1048 derat.»
694 1006 696 1009 ’

442 1077 758 1136 Xysticorum.
788 1102 853 1108 —
880 1075 1061 1133 Xystici
1099 1073 1382 1119 dicebantur
1427 1075 1510 1136 qui
1540 1074 1822 1136 pugnabant
1857 1074 1908 1119 in
1934 1076 2088 1134 xystis
2102 1109 2117 1130 ,

373 1154 422 1198 h.
452 1169 491 1198 e.
519 1153 569 1197 in
597 1152 763 1213 amplis
785 1151 1054 1212 porticibus
1083 1167 1170 1212 per
1194 1151 1395 1196 hiberna
1420 1160 1652 1213 tempora.

441 1231 826 1293 Stephanionem.
876 1230 1059 1276 Primus
1105 1238 1295 1290 togatus
1343 1231 1513 1275 saltare
1565 1229 1768 1276 instituit
1788 1267 1801 1288 ,
1857 1246 1915 1276 ex
1968 1230 2087 1279 Plin.
2111 1265 2125 1286 ‚

374 1323 474 1365 vn,
501 1308 578 1362 48.

446 1384 759 1446 Togatan'um.
785 1385 844 1429 H.
871 1400 911 1428 e.
939 1393 1147 1428 actorem
1180 1393 1450 1445 togatarum
1477 1386 1769 1442 fabularum,
1800 1384 1866 1429 sic
1892 1384 2126 1429 dictarum

374 1462 434 1508 ab
459 1470 632 1507 ornatu
657 1468 703 1505 et
725 1460 900 1506 vestitu
931 1476 1074 1520 quem
1103 1461 1330 1522 gerebant
1354 1470 1552 1507 actores.
1580 1461 1704 1506 Vide
1729 1463 2010 1513 Bumffloim.
2031 1497 2043 1517 ‚
2068 1462 2127 1504 de

382 1540 586 1586 Theatro
600 1572 614 1594 ,
643 1556 660 1584 1
676 1573 690 1597 ,
715 1539 759 1585 6.
787 1539 905 1595 Alii,
928 1530 1052 1583 inter
1075 1554 1198 1599 quos
1223 1540 1391 1600 Egnat.
1418 1548 1465 1584 et
1487 1541 1709 1584 Torrent.
1724 1573 1736 1595 ,
1760 1548 2027 1601 togatarum
2051 1538 2126 1582 le-

375 1627 510 1682 gunt.

444 1696 661 1742 Theatra.
699 1694 815 1748 Scil.
843 1693 1081 1754 Pompeii,
1112 1693 1247 1739 Balbi
1288 1702 1336 1739 et
1376 1695 1615 1751 Marcelli;
1649 1693 1764 1751 nisi,
1799 1702 2023 1739 monente
2058 1695 2127 1738 Cl.

376 1774 533 1828 Hase,
561 1772 621 1818 de
646 1770 817 1817 Statilii
839 1771 987 1817 Tauri
1009 1771 1358 1832 amphitheatro
1376 1773 1576 1816 alterum
1601 1771 1659 1817 sit
1683 1771 2058 1832 intelligendum.

444 1853 624 1907 Hylan.
656 1850 897 1906 Macrob.,
936 1849 1122 1895 Saturn.
1141 1883 1156 1904 ,
1187 1866 1255 1906 11,
1290 1865 1315 1907 7
1344 1866 1356 1894 :
1387 1869 1406 1890 «
1424 1851 1526 1894 Nec
1559 1849 1758 1911 Pylades
1786 1849 1956 1894 histrio
1987 1848 2127 1893 nobis

377 1927 668 1974 omittendus
693 1935 788 1983 est,
815 1926 901 1986 qui
917 1927 1071 1971 clarus
1094 1926 1142 1971 in
1178 1941 1335 1985 opere¹
1355 1941 1443 1971 suo
1468 1926 1558 1971 fuit
1581 1925 1879 1986 temporibus
1901 1924 2128 1986 Augusti,

377 2015 424 2051 et
445 2006 617 2067 Hylam
657 2003 941 2065 discipulum
976 2019 1129 2067 usque
1160 2003 1223 2048 ad
1259 2003 1538 2064 aequalitatis
1570 2003 1923 2048 contentionem
1959 2001 2127 2046 erudi—

377 2083 506 2128 tion'e
531 2080 769 2142 provexit.
796 2101 815 2121 »
1306 2135 1309 2137 -

442 2159 807 2205 Pantomimum.
842 2157 978 2203 Circa
1014 2158 1220 2219 Augusti
1250 2166 1466 2217 tempora
1494 2156 1678 2217 prodiit
1701 2172 1775 2200 ars
1801 2156 2130 2216 pantomimo-

378 2253 505 2290 rum,
542 2235 627 2297 qui
656 2235 849 2279 fuerunt
875 2235 940 2279 ita
974 2234 1115 2291 dicti,
1155 2234 1290 2294 quod
1318 2235 1514 2279 saltator
1551 2249 1677 2279 unus
1709 2248 1872 2278 omnes
1904 2247 2131 2295 personas

377 2313 640 2360 sustineret.
669 2312 793 2357 Vide
821 2314 1145 2368 Mamsco'rr„
1178 2312 1240 2356 de
1270 2313 1404 2374 Pers.
1430 2322 1477 2356 et
1497 2312 1680 2357 Lat-vi&
1697 2345 1710 2365 ,
1749 2327 1788 2356 c.
1821 2327 1888 2369 11,
1913 2310 1963 2355 in
1994 2310 2130 2355 Thes.

380 2392 531 2436 Groev.
549 2390 566 2445 ,'
594 2400 626 2435 t.
654 2407 731 2447 lx,
755 2406 802 2449 p.
836 2406 854 2433 1
872 2389 974 2434 118.

442 2469 620 2530 Digc'co.
647 2468 862 2531 Digitum
896 2466 1102 2512 indicem
1134 2465 1184 2510 in
1208 2483 1316 2511 eum
1351 2483 1495 2527 quem
1523 2467 1744 2512 ridebant
1771 2451 1976 2527 dirigere
1999 2464 2131 2524 apud

376 2554 557 2592 veteres
580 2602 582 2604 Ι
603 2547 794 2591 solenne
843 2553 970 2600 erat;
1010 2544 1069 2588 de
1112 2559 1211 2604 quo
1260 2544 1401 2603 plura
1452 2545 1633 2589 Ferrar.
1649 2579 1662 2600 ,
1710 2545 1770 2588 de
1818 2546 2027 2587 Acclam.
2084 2552 2133 2585 et

379 2625 542 2668 Plaus.
559 2657 573 2678 ,
594 2641 635 2668 11
650 2658 663 2680 ,
702 2639 776 2668 21.

446 2702 553 2746 CAP.
580 2702 756 2745 XLVI.
784 2699 856 2744 Ab
887 2715 951 2743 se.
978 2699 1112 2743 Mon.
1137 2700 1312 2760 Ancyr.
1340 2715 1352 2743 τ
1379 2719 1398 2739 «
1417 2697 1552 2744 Italia
1574 2706 1731 2743 autem
1758 2698 1994 2753 colonias,
2023 2713 2128 2758 quae

379 2778 488 2822 vivo
541 2767 855 2822 celeberrimae
901 2785 947 2821 et
993 2766 1384 2837 frequentissimae
1425 2777 1618 2821 fuerunt
1638 2811 1651 2833 ‚
1697 2791 1857 2821 xxv111
1901 2774 2129 2820 deductas

380 2855 536 2899 habet.
571 2876 590 2895 ι)

451 2933 646 2995 Aliqua.
686 2933 910 2979 Notanda
949 2933 1141 2978 videtur
1188 2931 1380 2977 Mulleri
1419 2930 1695 2990 conjectura
1733 2948 1742 2974 :
1782 2951 1800 2970 «
1825 2934 2127 2989 Quamquam

382 3009 529 3055 modo
552 3025 645 3070 pro
668 3019 803 3070 parte
837 3011 1009 3071 aliqua.
1037 3032 1056 3051 »

448 3088 650 3132 Ferrent.
678 3074 995 3149 Oudendorp.
1020 3088 1214 3146 ferrent
1237 3086 1437 3148 intelligi
1459 3087 1505 3130 h.
1539 3086 1569 3130 l.
1596 3101 1756 3146 posse„
1774 3084 2007 3129 existimat
2037 3099 2128 3142 pro

383 3165 677 3225 acciperent,
714 3164 938 3223 referrent
956 3200 968 3219 ‚
996 3167 1276 3220 obtinerent;
1308 3173 1363 3209 ut
1385 3180 1547 3209 sensus
1569 3163 1653 3220 sit,
1686 3162 1967 3209 decuriones
1990 3161 2127 3204 eolo-

384 3241 516 3286 nicos
544 3241 605 3289 ab
640 3243 858 3303 Augusto
889 3243 1028 3288 etiam
1063 3242 1290 3288 admissos
1315 3258 1412 3287 esse
1437 3240 1498 3286 ad
1535 3243 1774 3287 honorum
1805 3249 1852 3284 et
1880 3237 2130 3299 magistra-

347 3346 350 3351 ·
385 3327 519 3362 tuum
557 3306 834 3363 urbicorum
878 3316 1182 3379 petitionem,
1229 3319 1420 3364 remissa
1462 3321 1664 3364 Romam
1712 3315 1932 3365 veniendi
1968 3313 2130 3373 ibique

383 3394 645 3454 profitendi
674 3396 961 3441 necessitate.
