2372 3918
465 255 525 301 66
689 263 692 266 ’
1141 257 1191 302 C.
1229 258 1523 304 SUETONII

464 362 880 419 consuetudine.
917 364 1069 419 Duas
1099 362 1433 418 circensibus
1458 381 1687 439 gregum
1726 359 1989 418 factiones
2014 363 2190 418 aurati

463 462 839 539 purpureique
875 461 1043 539 panni
1080 460 1149 517 ad
1193 473 1432 538 quatuor
1460 461 1720 538 pristinas
1753 459 1982 540 addidit.
2016 465 2193 519 Inter-

462 562 598 619 dixit
628 561 989 619 histrionibus
1036 571 1289 630 scenam,
1332 562 1477 619 intra
1521 560 1747 618 domum
1783 561 2007 639 quidem
2038 583 2191 619 exer-

463 661 622 719 cendi
646 674 818 719 artem
836 663 965 739 jure
982 682 1260 719 concesso,
1287 663 1533 719 Castrari
1561 682 1738 718 mares
1767 663 1957 719 vetuit.
1984 662 2195 740 Spado-

464 784 597 820 num
614 806 628 834 ‚
660 763 758 840 qui
786 762 990 819 residui
1012 761 1162 840 apud
1186 783 1487 840 mangones
1510 774 1698 833 erant,
1723 763 1903 840 pretia
1939 762 2194 819 modera-

463 875 548 919 tus
571 875 667 920 est.
696 862 780 920 Ad
805 882 1075 919 summam
1106 861 1384 939 quondam
1418 863 1723 920 ubertatem
1745 863 1897 935 vini,
1932 862 2195 920 frumenti

460 984 591 1020 vero
638 963 914 1040 inopiam,
963 963 1280 1018 existimans
1329 963 1502 1019 nimio
1549 964 1831 1020 vinearum
1872 962 2057 1020 studio
2101 984 2196 1020 ne·

461 1061 594 1141 gligi
625 1083 785 1135 arva,
819 1061 1014 1133 edixit,
1045 1064 1133 1120 Ne
1161 1059 1284 1138 quis
1316 1062 1372 1118 in
1399 1060 1558 1118 Italia
1582 1061 1913 1133 novellaret,
1938 1074 2114 1140 utque
2139 1064 2195 1118 in

463 1163 760 1239 provinciis
793 1164 975 1219 vineta
1008 1162 1450 1235 succiderentur,
1482 1161 1703 1235 relicta,
1736 1162 1831 1220 ubi
1864 1162 2196 1240 plurimum,

462 1262 688 1318 dimidia
741 1275 896 1339 parte
946 1284 958 1318 :
1001 1283 1102 1320 nec
1150 1264 1376 1339 exsequi
1428 1283 1543 1318 rem
1591 1264 1978 1339 perseveravit.
2031 1265 2199 1337 Quae-

465 1362 591 1418 dam
626 1384 689 1418 ex
739 1364 990 1419 maximis
1018 1362 1215 1420 officiis
1257 1364 1402 1419 inter
1436 1362 1722 1419 libertinos
1757 1363 2076 1439 equitesque
2112 1385 2199 1419 ro-

465 1483 656 1519 manos
679 1464 1126 1520 communicavit.
1163 1463 1455 1520 Geminari
1488 1461 1767 1540 legionum
1791 1475 1971 1521 castra
2011 1463 2201 1540 prohi-

464 1564 584 1621 buit
611 1586 623 1619 :
653 1585 752 1620 nec
777 1563 900 1642 plus
928 1585 1096 1640 quam
1121 1562 1270 1620 mille
1298 1584 1555 1620 nummos
1576 1584 1608 1619 a
1631 1584 1914 1641 quoquam
1945 1562 2019 1620 ad
2044 1564 2197 1642 signa

461 1664 690 1742 deponi3
723 1664 875 1742 quod
921 1667 984 1721 L.
1017 1665 1293 1722 Anto—nius
1333 1663 1484 1743 apud
1525 1663 1764 1721 duarum
1797 1662 2081 1743 legionum
2117 1665 2201 1721 hi-

461 1765 632 1822 berna
650 1808 666 1834 ,
698 1787 782 1821 res
804 1751 982 1822 'novas
1015 1764 1273 1836 molienS,
1303 1763 1562 1822 fiduciam
1590 1766 1798 1842 cepisse
1820 1765 1986 1822 etiam
2016 1786 2083 1821 ex
2109 1764 2200 1821 de-

461 1867 769 1942 positorum
797 1886 1011 1923 summa
1036 1865 1344 1921 videbatur.
1371 1864 1599 1927 Addidit
1622 1877 1677 1922 et
1704 1852 1964 1942 quartum
1991 1867 2055 1924 sti
2064 1887 2197 1943 pen·

463 1967 615 2025 dium
649 1967 838 2037 militi,
864 1988 1059 2023 aureos
1087 1979 1290 2024 ternos.
2190 2046 2194 2049 .

540 2070 691 2125 VIII.
724 2072 820 2125 Jus
865 2066 1157 2144 diligenter
1189 2079 1240 2124 et
1273 2067 1541 2124 industrie
1574 2066 1743 2138 dixit,
1778 2067 2103 2146 plerumque
2139 2081 2195 2124 et

461 2170 515 2224 in
563 2172 707 2226 Foro
740 2189 843 2246 pro
891 2167 1158 2224 tribunali·
1194 2180 1348 2224 extra
1384 2168 1654 2224 ordinem.
1703 2169 2033 2236 Ambitiosas
2078 2190 2199 2226 cen-

462 2269 830 2325 tumvir-orum
879 2268 1176 2326 sententias
1223 2269 1463 2324 rescidit.
1510 2272 1978 2347 RecuperatoreS,
2027 2291 2097 2327 ne
2142 2292 2199 2327 se

461 2368 782 2446 perfusoriis
814 2369 1209 2427 assertionibus
1252 2369 1728 2435 acommodarent,
1772 2369 2070 2429 identidem
2105 2371 2199 2428 ad-

462 2471 696 2527 monuit.
744 2470 1102 2527 Nummarios
1128 2469 1342 2547 judices
1385 2464 1511 2537 cum
1562 2492 1662 2527 suo
1705 2491 1980 2548 quemque
2025 2453 2198 2530 consiss

460 2568 533 2626 lio
565 2570 795 2626 notavit.
833 2573 1041 2626 Auctor
1064 2567 1119 2625 et
1160 2570 1395 2628 tribunis
1434 2569 1611 2648 plebis
1660 2571 1799 2644 fuit,
1836 2571 2048 2630 aedilem
2089 2595 2198 2631 sor-

460 2669 653 2727 didum
686 2670 1114 2747 repetundarum
1150 2670 1470 2741 accusandi,
1511 2671 1834 2749 judicesque
1885 2675 1942 2730 in
1991 2695 2119 2731 eum
2164 2696 2194 2730 a

460 2755 651 2828 senatu
697 2770 936 2847 petendi.
985 2772 1405 2848 Magistratibus
1439 2792 1660 2849 quoque
1703 2773 1935 2844 urbicis,
1975 2776 2197 2852 provin-

460 2870 780 2947 ciarumque
812 2870 1130 2948 praesidibus
1150 2872 1470 2929 coercendis
1503 2885 1718 2930 tantum
1743 2894 1889 2930 curae
1924 2874 2195 2943 adhibuit,

455 2984 522 3029 ut
562 2992 739 3049 neque
779 2971 1139 3030 modestiores
1179 2993 1449 3050 unquam,
1482 2995 1657 3054 neque
1685 2975 1946 3051 justiores
1982 2977 2195 3033 exstite-

460 3073 571 3128 rint
608 3093 620 3127 :
658 3093 687 3128 e
717 3073 918 3148 quibus
964 3072 1255 3151 plerosque
1298 3087 1422 3152 post
1461 3074 1615 3131 illum
1653 3096 1775 3132 reos
1810 3077 2059 3133 omnium
2092 3077 2196 3132 cri-

460 3174 672 3228 minum
718 3172 976 3230 vidimuS.
1029 3175 1314 3249 Suscepta.
1342 3195 1559 3231 morum
1603 3176 1975 3247 correctione,
2027 3174 2192 3249 licen—

462 3273 592 3328 tiam
623 3272 945 3329 theatralem
973 3273 1283 3349 promiscue
1313 3274 1365 3328 in
1402 3275 1586 3351 equite
1617 3273 1901 3351 spectandi
1935 3274 2189 3331 inhibuit.
