2372 3918
437 267 460 308 3
475 283 487 310 1
501 282 528 309 0
1199 257 1387 301 NOTAE

498 358 729 420 Plagulis.
756 357 813 402 Η.
851 372 889 402 e.
915 354 1028 401 velis
1051 355 1235 400 lecticae.

504 436 618 480 Uno.
648 435 810 490 Quum
838 431 1161 477 Domitianum
1183 445 1271 476 suo
1298 443 1396 475 non
1420 427 1575 473 minus
1598 442 1739 489 quam
1756 426 2025 487 reipublicae
2049 429 2150 474 exi-

435 512 504 557 tio
539 518 777 555 servasset.

501 588 610 633 CAP.
636 589 723 632 XI.
753 586 949 632 Cunctis.
981 584 1207 640 Cedren.,
1230 598 1280 644 p.
1317 598 1407 644 179
1438 598 1449 627 ε
1475 594 1670 638 Τοσοῦτος
1695 586 1743 632 8¹⁸
1774 595 1908 647 Θρῆνος
1924 588 1990 631 ἐπὶ
2013 595 2064 646 τῇ
2087 605 2153 630 τε·

434 676 554 729 λευτῇ
578 672 700 713 αὐτοῦ
717 671 893 725 κατέσχε
917 670 987 715 τὴν
1012 659 1180 724 ῥώμην,
1213 668 1261 715 ὡς
1287 668 1324 708 ἄν
1348 667 1473 724 χρόνῳ
1496 672 1630 722 πολλῷ
1647 671 1784 708 τοῦτον
1809 665 2154 723 ἀπομνημονεύον·

436 765 521 801 τις,
545 746 614 791 καὶ
641 747 715 796 τὰς
737 746 881 805 ἀρετὰς
905 748 1026 788 αὐτοῦ
1060 744 1404 801 ἀναλογιζόμενοι,
1428 740 1610 800 δημοσίᾳ
1634 742 1702 785 καὶ
1724 748 1816 786 κατ’
1845 743 1969 792 οἴκους
1990 742 2156 791 κλαίειν,

440 826 574 882 ὥσπερ
601 824 730 881 οἰκείῳ
754 823 874 865 πάθει
905 822 1178 878 κατεχόμενος
1196 821 1376 869 ἕκαστος.
1846 805 1854 811 ⁶

518 894 764 954 Congessit.
790 895 1012 952 Eutrop.‚
1037 906 1135 949 vu,
1165 896 1221 944 14
1249 905 1261 934 ι
1285 908 1306 930 «
1323 891 1544 947 Senatus,
1567 888 1706 934 obitu
1733 888 1881 948 ipsius
1905 886 2029 934 circa
2055 903 2163 932 ves-

448 985 609 1031 peram
644 969 901 1025 nunciato,
937 976 1077 1013 nocte
1119 966 1292 1027 irrupit
1320 965 1370 1010 in
1405 966 1609 1026 curiam,
1632 974 1679 1012 et
1717 973 1869 1012 tantas
1900 964 1945 1010 ei
1972 973 2163 1010 mortuo

446 1046 610 1093 laudes
644 1046 910 1108 gratiasque
939 1044 1196 1105 congessit,
1236 1050 1437 1103 quantas
1466 1058 1556 1090 nec
1591 1043 1704 1089 vivo
1741 1057 1955 1103 unquam
1983 1050 2166 1103 egerat,

445 1138 535 1169 nec
561 1123 782 1184 praesenti
807 1139 818 1165 ε
853 1122 977 1167 inter
1004 1121 1142 1165 divos
1168 1121 1346 1165 relatus
1375 1121 1459 1165 est.
1486 1142 1511 1164 n

1002 1452 1082 1507 IN
1124 1451 1639 1507 DOMITIANUM.

528 1650 684 1693 CAPUT
707 1649 742 1691 1.
778 1644 1051 1704 Designato.
1076 1646 1133 1687 A.
1166 1643 1226 1687 U.
1260 1642 1370 1698 804.

526 1724 610 1769 Ad
632 1723 819 1768 Midum
835 1721 1077 1767 Punicum.
1104 1719 1251 1777 Quod
1275 1721 1384 1766 vico
1407 1724 1583 1765 nomen
1606 1719 1682 1764 vel
1709 1735 1737 1764 a
1757 1721 1882 1765 malo
1910 1718 2091 1765 Punico
2115 1719 2183 1765 ibi

464 1798 650 1859 efficto,
682 1801 758 1861 vel
787 1799 847 1844 ab
874 1797 1046 1843 arbore
1073 1796 1156 1843 tali
1178 1796 1245 1841 ibi
1268 1798 1502 1858 plantata,
1528 1795 1663 1857 quod
1692 1795 1899 1842 latinitas
1927 1812 2028 1842 non
2058 1797 2182 1841 ferre

464 1877 676 1923 videtur.
927 1938 931 1939 ⁷

536 1954 726 1998 Sabino.
750 1953 921 2009 Tacit.‚
947 1954 1089 2009 Hisa,
1115 1967 1178 1996 111
1194 1986 1209 2010 ,
1233 1951 1296 2011 69
1322 1967 1332 1996 :
1357 1970 1377 1992 «
1392 1950 1671 1997 Vitellianus
1702 1950 1835 1997 miles
1862 1952 2076 2000 custodia
2101 1970 2187 2000 so·-

469 2029 604 2075 eordi
633 2031 814 2075 clausos
837 2029 1171 2086 circumdedit,
1197 2043 1375 2087 eoque,
1410 2027 1644 2074 concubia
1672 2036 1839 2087 nocte,
1874 2045 1984 2075 suos
2011 2030 2187 2076 liberos

467 2105 668 2153 Sabinus
684 2114 729 2150 et
741 2105 1065 2150 Domitianum
1078 2138 1093 2162 ,
1115 2105 1272 2149 fratris
1287 2104 1436 2148 filium
1450 2138 1464 2162 ,
1488 2104 1539 2149 in
1562 2102 1851 2163 Capitolium
1866 2107 2049 2152 accivit.
2066 2128 2086 2148 »

532 2181 838 2226 Pemoctavit.
863 2180 983 2225 Ibid.
1002 2216 1015 2238 ‚
1050 2184 1108 2236 74
1135 2197 1146 2224 :
1178 2179 1533 2238 «Domitianus,
1568 2179 1723 2240 prima
1760 2181 2027 2241 irruptione
2061 2185 2192 2244 apud

470 2257 695 2302 aedituum
722 2258 984 2301 occultatus
1000 2290 1013 2314 ‚
1038 2256 1226 2301 solertia
1252 2256 1436 2314 liberti,
1458 2257 1583 2302 lineo
1604 2257 1778 2303 amictu
1789 2259 1939 2304 turhae
1954 2258 2192 2306 immixtus

470 2335 810 2395 ignoratusque
824 2368 837 2390 ,
866 2334 994 2393 apud
1018 2332 1290 2378 Cornelium
1313 2334 1523 2379 Primum
1545 2344 1797 2395 paternum
1820 2334 2039 2383 clientem
2057 2338 2194 2396 juxta

472 2409 728 2456 Velabrum
754 2409 952 2454 delituit.
973 2430 993 2450 »

544 2487 705 2538 Isiaci.
723 2488 781 2531 H.
802 2501 842 2531 e.
860 2486 996 2532 Isidis
1019 2487 1302 2542 sacerdotis;
1319 2486 1463 2533 intell.
1482 2504 1596 2550 ergo
1621 2505 1631 2532 t
1659 2491 1801 2533 linteo
1830 2489 2006 2535 habitu.

543 2564 884 2609 Consalutatus.
918 2562 1092 2619 Tacit.‚
1119 2563 1200 2607 ub.
1222 2565 1356 2622 ‘sup.‚
1386 2580 1580 2609 Lxxxw.

542 2642 774 2685 Honorem
790 2649 1037 2701 proeturae.
1064 2640 1236 2693 Tacit.‚
1267 2641 1385 2686 Hist.
1402 2674 1417 2694 ,
1458 2657 1528 2699 iv,
1563 2640 1589 2685 3
1618 2656 1630 2685 t
1655 2644 1901 2687 «Praetura
1923 2643 2197 2687 Domitiano

480 2726 527 2762 et
549 2715 794 2761 consulare
818 2714 1068 2775 imperium
1093 2716 1427 2761 decernuntur.
1458 2737 1476 2756 »

544 2793 769 2837 Abduxit.
802 2792 1009 2851 Xiphil.‚
1037 2808 1147 2836 LXVI
1166 2826 1179 2849 ,
1202 2807 1250 2852 p.
1288 2792 1379 2849 746
1419 2809 1429 2836 :
1462 2799 1546 2841 Καὶ
1574 2806 1631 2857 τῷ
1661 2803 1775 2857 ἔρωτι
1810 2807 1880 2850 τῆς
1913 2802 2104 2859 Δομιτίας
2130 2807 2202 2851 τῆς

482 2874 760 2933 Κορῧοὺλωνος
793 2879 984 2933 θυγατρὸς
1022 2877 1229 2933 προσέχων
1255 2878 1469 2933 ἐτύγχανε·
1498 2878 1648 2921 ταύτην
1675 2877 1751 2934 γὰρ
1777 2880 1924 2920 Λυκίου
1954 2879 2112 2936 Λαμίου
2130 2878 2200 2920 Αἰ-

484 2957 664 3011 μιλιανοῦ
695 2957 766 2993 τοῦ
788 2953 939 3000 ταύτης
971 2948 1115 3009 ἀνδρὸς
1142 2953 1415 3004 ἀποσπάσας,
1438 2954 1531 2994 τότε
1557 2953 1626 3008 μὲν
1646 2954 1682 2994 ἐν
1711 2955 1803 3001 ταῖς
1829 2955 2041 3010 ἐρωμέναις
2066 2953 2202 3000 ἐποιή-

484 3046 605 3079 σατο,
632 3030 794 3085 ὕστερον
824 3025 872 3070 δὲ
894 3028 961 3070 καὶ
989 3031 1150 3086 ἔγημεν.

551 3099 815 3143 Dictitante.
842 3098 989 3156 Ibid.,
1014 3115 1059 3157 p.
1096 3099 1188 3155 745
1216 3115 1225 3142 :
1252 3094 1365 3148 flore
1398 3108 1463 3148 τὸν
1502 3093 1811 3151 Οὐεσπασιανὸν
1842 3108 2069 3150 ἐπιστεῖλαί
2101 3124 2199 3148 ποτε

484 3187 541 3236 τῷ
577 3186 824 3237 Δομιτιανῷ,
861 3181 920 3222 ὅτι
948 3182 1060 3238 χάριν
1093 3182 1170 3236 ἔχω
1208 3199 1293 3234 σοι,
1317 3185 1479 3235 τέκνον,
1504 3184 1563 3225 ὅτι
1594 3201 1644 3241 με
1671 3187 1736 3241 ἐᾷς
1765 3187 1919 3241 ἄρχειν,
1944 3182 2011 3225 καὶ
2045 3179 2202 3224 οὐδέπω

488 3258 775 3305 καταλέλυκας.
1428 3249 1439 3258 l
