2372 3918
870 204 936 248 IN
971 202 1356 248 CALIGULAM.
1879 199 1938 246 25
1948 217 1964 246 x

331 304 434 347 Cu».
473 301 696 347 XXXIV.
723 298 991 344 Abolendis.
1010 295 1155 354 Quod
1170 303 1334 357 postca
1361 295 1586 357 cogitavit
1608 303 1656 341 et
1677 296 1778 357 ipse
1798 294 1971 343 Adria-

265 386 508 436 nu⁸,teste
522 377 689 434 Dion.,
716 391 854 435 xxix,
874 389 922 435 p.
950 388 1060 435 790.
1143 381 1146 385 ’

330 457 516 502 Proeter
533 469 651 499 eum.
668 455 761 499 Pro
787 462 967 513 praeter
983 467 1059 506 se,
1084 450 1134 495 in
1157 465 1257 511 quo
1290 449 1569 511 scriptores,
1602 463 1750 510 quum
1772 447 1972 496 aliorum

265 533 407 583 verba
429 531 660 588 referunt,
686 528 815 575 haud
837 527 946 574 satis
979 526 1186 573 accurati
1211 526 1379 587 saepius
1410 525 1844 588 deprehenduntur.

328 611 438 656 Car.
470 607 678 655 XXXV.
705 607 875 652 netuli.
907 604 1030 650 Vide
1053 618 1195 665 supra
1228 619 1358 649 xxvx.

330 686 527 731 Abolloe.
556 683 685 730 Pallii
706 698 851 746 genus
883 681 972 727 suit
987 715 1001 739 ,
1026 680 1158 742 quod
1181 680 1395 726 nonnulli
1422 680 1641 725 tribuunt
1673 687 1720 725 et
1755 678 1974 740 philoso-

259 761 378 822 phis.
413 761 484 806 Cf.
520 762 728 806 anma.
745 793 761 820 ,ι
781 759 840 802 de
863 759 932 804 Re
959 768 1075 803 vest.
1091 791 1106 814 ,
1139 773 1202 815 n,
1235 772 1308 803 ια.

329 838 603 884 Colosseros.
626 839 670 882 A
701 838 908 881 colossus
930 844 976 881 et
1008 843 1111 900 ἔρως.
1138 836 1224 894 Cuj
1233 851 1284 880 us
1316 836 1445 881 vocis
1475 849 1585 895 pars
1607 834 1740 893 prior
1761 834 1975 893 corporis

261 913 618 974 amplitudinem
634 911 876 972 exprimit3
901 913 1139 972 posterior
1162 929 1278 959 vero
1307 913 1507 957 formam
1522 918 1762 957 venustam
1787 918 1833 955 et
1855 924 1977 956 ama·

258 991 415 1037 bilem.

334 1066 559 1112 Threci....
597 1066 926 1128 hoplomacho.
972 1064 1068 1123 Qui
1112 1059 1396 1127 gladiatores
1429 1073 1595 1123 erant3
1631 1064 1974 1126 hoplomachus

254 1152 411 1190 autem
435 1144 679 1204 pugnabat
708 1143 917 1204 undique
940 1142 1079 1188 armis
1108 1150 1367 1190 contectus.

320 1222 447 1282 Regc'.
472 1247 537 1255 —
559 1221 664 1266 Rex
700 1220 947 1266 dicebatur
971 1218 1190 1265 sacerdos
1225 1218 1389 1279 templi
1426 1219 1749 1274 Nemorensis,
1785 1218 1845 1264 de
1874 1233 1974 1279 quo

255 1295 366 1342 vide
391 1297 510 1342 Cres.
526 1329 542 1351 ,
567 1312 697 1342 xmn.

324 1374 433 1418 Cn.
463 1375 691 1419 XXXVI.
730 1374 797 1418 M.
823 1374 1069 1434 Lepidum.
1094 1371 1282 1417 Sororis
1306 1370 1519 1416 Drusillae
1547 1370 1779 1416 maritum.

323 1449 430 1494 Cn.
466 1451 718 1496 XXXVII.
745 1450 1020 1509 Nepotatus.
1044 1449 1226 1502 Senec.‚
1254 1449 1435 1492 Com-ol.
1469 1449 1538 1491 acl
1561 1449 1679 1492 Helu
1705 1481 1719 1501 ,
1753 1462 1804 1492 rx
1835 1464 1845 1491 :
1873 1468 1893 1488 κ
1923 1448 1971 1492 C.

258 1525 424 1584 Caesar,
449 1541 591 1586 quem
624 1525 740 1570 mihi
772 1524 964 1570 videtur
998 1540 1156 1570 rerum
1178 1532 1344 1570 natura
1373 1523 1593 1581 edidisse,
1630 1532 1681 1569 ut
1709 1522 1975 1570 ostenderet

256 1602 375 1663 quid
398 1618 578 1648 summa
599 1602 713 1647 vitia
735 1602 784 1647 in
806 1618 986 1648 summa
1003 1601 1191 1646 fortuna
1215 1609 1429 1660 possent,
1453 1599 1626 1646 centies
1649 1601 1860 1647 sestertio
1878 1615 1974 1645 coe·

255 1677 385 1724 navit
415 1694 513 1724 uno
544 1678 643 1736 die;
667 1687 714 1724 et
736 1678 784 1723 in
808 1679 899 1724 hoe
923 1679 1134 1724 omnium
1159 1677 1349 1737 adjutus
1378 1676 1568 1740 ingenio
1583 1713 1596 1736 ,
1626 1676 1707 1723 vix
1731 1686 1883 1722 tamen
1905 1676 1973 1722 in-

253 1754 383 1800 venit
399 1788 412 1813 ,
435 1756 680 1816 quomodo
704 1756 847 1800 trium
882 1755 1236 1817 provinciarum
1259 1755 1488 1800 tributum
1515 1769 1608 1800 una
1640 1769 1772 1800 coena
1794 1744 1940 1801 fieret.
1955 1774 1975 1797 ι

321 1833 546 1878 ,Βαεὶίιὶ-ιε
567 1834 721 1877 Julioe.
749 1834 860 1878 Eam
876 1833 986 1878 colli
1006 1832 1215 1878 Palatino
1233 1831 1431 1876 vicinam
1447 1831 1587 1878 fuisse
1604 1820 1859 1878 arbitratur
1871 1833 1975 1877 Do—

254 1918 375 1966 nat.,
401 1910 462 1954 de
491 1910 595 1954 Urb.
621 1911 784 1963 Rom.,
812 1926 876 1967 11,
914 1925 985 1967 17.

322 1987 535 2031 Deceres.
566 1987 725 2031 Graece
759 1989 958 2050 δεκήρεις,
980 1985 1026 2030 h.
1053 2001 1092 2030 c.
1126 1986 1463 2043 decemremes,
1485 2000 1589 2045 quae
1613 1986 1833 2042 triclinia,
1856 2001 1972 2030 con-

256 2061 400 2107 clavia
416 2070 463 2107 ct
483 2063 684 2108 thermas
715 2063 1160 2123 complectebantur.

321 2139 608 2183 Liburnicas.
632 2141 703 2184 De
718 2140 805 2184 hac
834 2154 952 2184 voce
973 2140 1083 2185 vide
1110 2142 1233 2201 Aug.
1249 2173 1263 2195 ,
1290 2156 1412 2186 xvu.

323 2214 668 2262 Proetorc‘orum.
702 2214 822 2259 Vide
855 2219 977 2275 Aug.
999 2249 1013 2270 ‚
1040 2232 1199 2261 Lxxu.

322 2290 428 2335 Cn.
453 2291 727 2336 XXXVIII.
769 2292 1021 2351 Arguebat.
1052 2293 1089 2337 Ι.
1115 2307 1155 2338 e.
1188 2293 1236 2338 in
1261 2295 1567 2355 quaestionem
1591 2296 1790 2342 vocabat
1828 2305 1972 2358 atque

235 2364 542 2444 §confiscahat
578 2382 741 2412 census
773 2375 936 2428 postea
982 2367 1138 2429 aliqua
1178 2368 1301 2414 forte
1337 2379 1526 2428 auctos,
1561 2371 1692 2432 prius
1730 2387 1974 2433 perperam

255 2441 407 2488 editos
423 2442 745 2488 calumniatus.

325 2521 708 2580 Ptimipilarium.
749 2521 859 2567 Non
904 2531 1086 2568 tantum
1121 2524 1481 2584 primipilarium
1498 2561 1510 2583 ,
1548 2525 1632 2570 sed
1678 2535 1723 2570 et
1764 2526 1971 2571 omnium

258 2597 588 2643 centurionum
613 2597 726 2643 dicit
754 2598 874 2657 Dio,
898 2614 1010 2657 ux,
1039 2615 1086 2661 p.
1113 2599 1224 2646 651.
1242 2603 1306 2646 At
1327 2602 1482 2648 minus
1513 2610 1744 2648 accurate.

325 2676 554 2720 Mac-teas.
591 2676 684 2720 Seu
724 2686 927 2720 matteas
942 2710 955 2730 ,
996 2678 1068 2721 vel
1106 2687 1341 2738 muttyas,
1389 2681 1663 2740 placentulae
1703 2694 1861 2742 genus.
1901 2678 1972 2725 Cf.

258 2753 478 2810 Arnum,
509 2767 619 2808 xvx,
642 2766 691 2812 p.
725 2752 846 2809 663,
870 2762 916 2797 et
939 2755 1154 2798 Turum.
1175 2787 1188 2810 ,
1220 2756 1409 2800 Advem.
1435 2771 1571 2814 xxn,
1608 2756 1652 2800 6.

326 2829 432 2874 Cn.
459 2830 690 2874 XXXIX.
713 2829 1097 2889 Spectaculorum.
1123 2833 1179 2877 H.
1206 2848 1245 2876 e.
1277 2832 1560 2891 gladiatores
1591 2833 1674 2895 qui
1707 2834 1974 2894 spectaculo

258 2906 527 2965 superstites
548 2916 876 2952 remanserant.
903 2908 1020 2966 Dio,
1045 2923 1155 2966 mx,
1178 2924 1224 2968 p.
1261 2909 1357 2956 650
1382 2926 1393 2954 τ
1419 2918 1518 2967 Τοὺς
1545 2918 1621 2975 γὰρ
1652 2919 1975 2976 περιγενομένους

258 2993 337 3030 τῶν
362 2990 600 3046 μονομάχων
625 2990 825 3039 παντοίως
848 2993 1041 3048 ἐπιτιμῶν
1065 2988 1295 3036 ἀπεδίδοτο
1310 3027 1321 3046 ,
1342 2995 1461 3043 αὐτός
1474 3012 1519 3037 τι
1545 2995 1612 3038 ἐπὶ
1636 3001 1706 3038 τοῦ
1729 2995 1971 3053 upana-opion

258 3065 516 3123 καθεζόμενος
537 3065 607 3108 καὶ
637 3067 754 3115 αὐτὸς
776 3065 1047 3124 ὓπερὲάλλων.

328 3136 609 3182 Proetertree.
636 3137 708 3182 Se.
733 3136 856 3182 inter
878 3137 1131 3185 licitatores
1147 3140 1381 3186 omitteret
1397 3176 1409 3198 ,
1436 3158 1583 3204 quum
1597 3144 1711 3191 Caio
1722 3143 1972 3190 videbatur

261 3220 379 3258 nutu
395 3211 590 3257 innuere
606 3228 653 3256 se
671 3213 848 3259 venalia
872 3230 1023 3261 emere
1047 3218 1186 3274 velle,
1212 3217 1294 3278 qui
1319 3234 1477 3265 revera
1495 3237 1551 3265 ex
1575 3238 1743 3267 somno
1759 3222 1968 3267 nutabat.
