2372 3918
0 3260 26 3407 affffss-ssc
8 3231 23 3247 „'
5 3196 18 3217 ψ
19 3174 21 3178 ,
8 3139 20 3161 0·
13 3102 21 3129 Μ.

26 3353 39 3362 ,
26 3326 27 3330 „

7 3793 26 3918 ma...—
0 3876 3 3883 ·
0 3842 4 3851 ⁷
0 3675 25 3810 snt-59:
0 3581 21 3665 nm.-

867 208 915 251 C.
945 207 1158 254 JULlUs
1183 209 1413 255 CAESAR.
1937 230 1992 271 ¹7

279 312 396 367 sine
416 310 799 389 jurejurando,
823 309 1176 367 denuntiaret
1205 310 1515 369 delaturum
1542 335 1599 370 se
1628 336 1826 375 nomen
1850 320 1991 396 ejus,

278 407 440 465 simul
465 429 528 467 ac
557 410 797 486 primum
827 410 1127 466 exercitum
1157 409 1479 483 dimisisset3
1514 433 1794 491 quumque
1826 417 1993 495 vulgo

276 507 394 564 fore
422 508 808 586 praedicarent,
833 519 892 563 ut
922 509 967 563 si
997 509 1243 585 privatus
1272 508 1527 581 redisset,
1554 511 1778 569 Milonis
1805 536 1988 572 exem-

274 606 366 684 plo
397 607 794 683 circumpositis
829 608 1053 662 armatis
1087 628 1303 663 causam
1337 608 1483 685 apud
1515 610 1727 685 judices
1763 612 1982 673 diceret.

272 705 439 777 Quod
478 704 811 783 probabilius
849 704 979 762 facit
1017 707 1237 763 Asinius
1274 706 1480 780 Pollio,
1517 709 1831 769 Pharsalica
1873 716 1986 771 acie

269 826 430 862 caesos
452 804 873 883 profligatosque
893 804 1228 862 adversarios
1248 807 1697 883 prospicientem,
1721 810 1835 868 haec
1855 832 1982 870 eum

268 905 339 961 ad
363 905 590 961 verbum
614 904 811 960 dixisse
839 904 1078 961 referens
1099 925 1112 959 ε
1137 908 1262 962 Hoc
1288 906 1575 963 voluerunt
1597 929 1614 963 :
1636 911 1806 969 tantis
1829 910 1987 970 rebus

259 1005 431 1081 gestzls·
467 1005 526 1061 C.
566 1005 763 1061 Coesar
800 1003 1199 1061 condemnatus
1237 1024 1407 1062 essem
1424 1051 1443 1075 ‚
1484 1009 1597 1063 nisi
1633 1008 1707 1064 ab
1741 1012 1985 1069 exercitu

264 1103 540 1160 auxilium
586 1108 887 1183 petiissem.
944 1103 1188 1176 Quidam
1243 1117 1442 1180 putant
1495 1119 1716 1184 captum
1768 1110 1983 1187 imperii

262 1203 684 1274 consuetudine,
714 1203 1106 1281 pensitatisque
1136 1204 1246 1260 suis
1278 1216 1334 1261 et
1364 1206 1711 1263 inimicorum
1745 1209 1979 1281 viribus,

261 1323 421 1360 usum
471 1304 758 1360 occasione
807 1302 1081 1380 rapiendae
1134 1303 1554 1378 dominationis,
1609 1328 1773 1383 quam
1825 1320 1982 1365 aetate

259 1403 439 1480 prima
472 1403 831 1479 concupisset.
875 1402 1044 1475 Quod
1094 1404 1427 1460 existimasse
1475 1405 1764 1462 videbatur
1800 1419 1855 1463 et
1890 1410 1981 1466 Ci-

257 1523 412 1574 ccr0,
447 1502 690 1558 scribens
718 1501 788 1558 de
819 1503 1036 1577 Officiis
1066 1502 1227 1558 tertio
1257 1502 1399 1559 libro
1419 1546 1434 1576 ,
1465 1525 1679 1583 semper
1709 1509 1974 1564 Caesarem

254 1603 314 1657 in
359 1622 453 1658 ore
499 1601 751 1657 habuisse
790 1599 1068 1676 Euripidis
1114 1618 1338 1670 versuS,
1378 1622 1514 1676 quos
1563 1606 1639 1659 sic
1680 1606 1795 1681 ipse
1844 1627 1976 1663 con-

255 1701 417 1757 vertit
449 1722 463 1756 z

409 1862 528 1907 Nam
552 1861 592 1906 si
614 1859 890 1906 violandum
918 1870 986 1906 est
1003 1861 1104 1920 jus,
1127 1862 1359 1922 regnandi
1387 1860 1535 1922 gratia

404 1937 694 1984 violandum
715 1946 784 1984 est
805 1955 816 1983 :
841 1936 943 1984 aliis
964 1937 1105 1984 rebus
1127 1938 1351 1999 pietatem
1379 1940 1519 1986 colas.

324 2095 531 2150 XXXI.
575 2094 765 2167 Quum
796 2115 927 2172 ergo
958 2092 1226 2150 sublatam
1251 2095 1602 2151 tribunorum
1626 2094 1967 2154 intercessio-

245 2212 406 2264 nem,
444 2193 715 2270 ipsosque.
737 2194 873 2249 urbe
911 2194 1134 2250 cessisse
1168 2195 1484 2250 nuntiatum
1522 2207 1638 2267 est,
1676 2198 1964 2273 praemissis

242 2291 526 2348 confestim
557 2291 695 2348 clam
727 2293 1078 2362 cohortibu8‚
1110 2314 1179 2349 ne
1212 2313 1320 2369 qua
1352 2294 1589 2370 suspicio
1619 2307 1961 2364 moveretur,

240 2403 293 2448 et
329 2391 640 2470 spectaculo
674 2391 898 2470 publico
934 2413 1029 2470 per
1064 2392 1557 2449 dissimulationem
1597 2391 1871 2466 interfuit,
1908 2406 1962 2450 et

238 2489 470 2548 formam
488 2534 504 2564 ,
557 2512 664 2568 qua
713 2491 905 2547 ludum
954 2491 1341 2570 gladiatorium
1392 2504 1510 2547 erat
1557 2491 1922 2548 aedificaturus
1942 2537 1956 2562 ‚

237 2590 632 2663 consideravit,
672 2603 728 2646 et
762 2612 829 2647 ex
864 2591 1264 2648 consuetudine
1299 2592 1550 2647 convivio
1590 2611 1646 2646 se
1682 2590 1955 2667 frequenti

235 2686 403 2744 dedit.
425 2690 569 2744 Dein
593 2702 715 2765 post
741 2690 868 2746 solis
892 2711 1169 2762 occasum,
1197 2689 1359 2747 mulis
1386 2711 1416 2746 e
1444 2690 1696 2767 proximo
1724 2691 1955 2766 pistrino

233 2787 303 2843 ad
331 2787 643 2844 vehiculum
669 2789 873 2864 junctis
892 2832 907 2860 ,
942 2790 1370 2846 occultissimum
1403 2791 1506 2846 iter
1543 2790 1759 2846 modico
1788 2792 1953 2845 comi-

233 2898 347 2942 tatu
367 2887 637 2965 ingressus
658 2900 738 2943 est
759 2909 771 2943 :
798 2899 851 2942 et
878 2907 1048 2963 quum
1072 2886 1370 2944 luminibus
1395 2890 1676 2945 exstinctis
1696 2889 1951 2944 decessis-

231 2998 312 3041 set
337 2987 449 3058 via,
477 2986 572 3043 diu
599 2987 966 3059 errabundus,
990 2986 1210 3042 tandem
1239 2986 1306 3041 ad
1338 2986 1513 3042 lucem
1542 2987 1677 3042 duce
1704 2998 1945 3064 reperto,

227 3105 325 3163 per
344 3086 754 3164 angustissimos
776 3088 1018 3142 tramites
1042 3087 1271 3163 pedibus
1292 3088 1487 3157 evasit3
1510 3063 1944 3161 consecutusque

226 3186 476 3241 cohortes
505 3186 575 3241 ad
604 3186 940 3242 Rubiconem
972 3186 1204 3256 flumen,
1232 3187 1325 3261 qui
1356 3184 1648 3261 provinciae
1676 3186 1792 3260 ejus
1822 3184 1942 3239 finis

461 3305 497 3339 1.
1128 3306 1132 3311 ·
1635 3306 1664 3338 οι
1728 3333 1731 3337 .
