2372 3918
357 258 417 303 30
1027 258 1075 302 C.
1114 257 1398 304 SUETONII

360 363 666 436 vinciasque
719 359 1000 417 divideret.
1055 363 1119 416 In
1172 361 1348 438 primo
1401 359 1682 417 consulatu
1737 360 1838 415 tria
1893 359 2055 416 millia

360 459 541 536 pondo
565 454 682 516 auri
708 460 917 516 furatus
945 480 975 516 e
1004 459 1299 537 Capitolio,
1322 459 1662 516 tantumdem
1686 460 1916 514 inaurati
1942 461 2058 515 aeris

360 560 615 635 reposuit.
659 560 947 615 Societates
991 580 1054 615 ac
1093 579 1257 636 regna
1299 561 1473 637 pretio
1518 559 1693 630 dedit,
1734 570 1795 613 ut
1833 561 1926 635 qui
1964 561 2059 613 uni

359 657 648 714 Ptolemaeo
683 678 854 735 prope
885 679 975 713 sex
1004 656 1173 712 millia
1208 656 1538 713 talentorum
1575 679 1674 714 suo
1709 658 2061 734 Pompeiique

360 758 581 812 nomine
609 755 906 812 abstulerit.
943 759 1135 812 Postea
1165 776 1295 812 vero
1328 756 1739 813 evidentissimis
1770 758 1971 834 rapinis
2001 778 2063 811 ac

361 849 678 931 sacrilegiiS‚
709 866 763 910 et
791 872 956 910 onera
982 853 1253 910 bellorum
1282 854 1546 928 civilium,
1577 868 1632 911 et
1659 857 2062 933 triumphorum

360 975 421 1009 ac
450 974 740 1009 munerum
769 954 1028 1009 sustinuit
1059 953 1347 1031 impendia.
1961 1031 1966 1035 μ

440 1054 554 1110 LV.
599 1052 921 1129 Eloquentia
955 1052 1283 1130 militarique
1314 1074 1373 1109 re
1410 1066 1506 1110 aut
1543 1056 1774 1132 aequavit
1803 1066 2062 1131 praestan-

362 1153 693 1208 tissimorum
743 1151 971 1230 gloriam
990 1196 1005 1226 ,
1054 1165 1150 1209 aut
1194 1154 1435 1210 excessit.
1485 1157 1615 1210 Post
1663 1155 2061 1210 accusationem

365 1249 659 1308 Dolabellae
681 1252 829 1309 haud
857 1254 1019 1310 dubie
1047 1253 1383 1331 principibus
1409 1254 1650 1331 patronis
1676 1263 2063 1308 annumeratus

361 1362 457 1406 est.
490 1354 649 1408 Certe
686 1354 877 1409 Cicero
911 1353 980 1409 ad
1012 1356 1246 1410 Brutum
1264 1396 1279 1426 ‚
1316 1365 1557 1409 oratores
1587 1373 2067 1424 enumeransfne-

362 1461 453 1526 gat
482 1474 510 1503 «
528 1470 584 1510 se
609 1450 791 1507 videre
823 1453 912 1507 cui
938 1455 1117 1508 Caesar
1143 1451 1335 1507 debeat
1359 1450 1586 1507 cedere»
1618 1473 1632 1506 :
1661 1452 1872 1527 aitque,
1904 1471 2067 1507 «eum

364 1551 663 1626 elegantem
685 1593 699 1622 ,
741 1548 1080 1627 splendidam
1117 1571 1366 1627 quoque,
1399 1562 1573 1627 'atque
1615 1551 1776 1606 etiam
1820 1551 2068 1627 magnifi-

365 1668 484 1704 cam
503 1691 519 1721 ‚
552 1669 614 1704 ac
644 1669 959 1725 generosam
986 1649 1419 1726 quodammodo,
1450 1651 1715 1705 rationem
1747 1649 1959 1704 dicendi
1989 1661 2069 1704 te-

365 1768 494 1803 nere
518 1768 576 1803 z»
597 1759 652 1803 et
676 1748 745 1803 ad
772 1746 1087 1804 Cornelium
1114 1750 1382 1825 Nepotem
1407 1748 1474 1804 de
1502 1747 1690 1804 eodem
1717 1750 1791 1804 ita
1819 1750 2066 1826 scripsit:

365 1870 392 1898 «
409 1847 599 1919 Quid?
652 1859 933 1903 oratorum
989 1869 1152 1924 quem
1208 1849 1336 1904 huic
1392 1851 1686 1925 antepones
1740 1869 1930 1904 eorum
1975 1850 2070 1925 qui

365 1944 500 2001 nihil
548 1945 696 2002 aliud
739 1946 1006 2024 egerunt?
1044 1948 1184 2021 Quis
1236 1948 1511 2003 sententiis
1556 1959 1650 2003 aut
1694 1949 1930 2020 acutior,
1974 1961 2070 2003 aut

358 2046 639 2114 crebrior?
662 2042 809 2120 >Quis
831 2048 1008 2103 verbis
1033 2059 1128 2102 aut
1156 2048 1422 2119 ornatior,
1451 2059 1545 2102 aut
1571 2046 1934 2124 elegantior?»
1960 2050 2072 2103 Ge-

368 2165 469 2200 nus
518 2144 839 2222 eloquentiae
887 2147 1153 2202 duntaxat
1204 2145 1513 2202 adolescens
1565 2146 1742 2203 adhuc
1793 2148 2073 2203 Strabonis

370 2246 594 2300 Caesaris
627 2258 840 2300 secutus
874 2246 1122 2318 videtur3
1155 2246 1309 2321 cujus
1347 2246 1505 2300 etiam
1536 2266 1599 2300 ex
1639 2247 1927 2318 oratione.
1954 2267 2073 2322 quae

370 2343 683 2399 inscribitur
718 2348 833 2400 Pro
866 2344 1094 2414 Sardes,
1135 2344 1204 2400 ad
1239 2344 1464 2400 verbum
1502 2343 1766 2399 nonnulla
1797 2343 2073 2399 transtulit

371 2443 426 2497 in
452 2443 861 2499 Divinationem
891 2464 1060 2499 suam.
1089 2444 1476 2500 Pronuntiasse
1503 2455 1687 2498 autem
1717 2443 1916 2498 dicitur
1943 2463 2074 2498 voce

371 2553 552 2615 acuta,
583 2542 797 2598 ardenti
827 2554 980 2598 motu
1009 2554 1299 2619 gestuque,
1328 2562 1439 2597 non
1468 2543 1582 2597 sine
1606 2554 1904 2598 venustate.
1936 2545 2075 2599 Ora-

372 2642 546 2697 tiones
573 2640 783 2718 aliquas
806 2641 1050 2717 reliquit,
1076 2642 1217 2697 inter
1240 2661 1373 2717 quas
1397 2654 1597 2697 temere
1623 2641 1868 2717 quaedam
1894 2642 2075 2698 ferun-

374 2752 466 2796 tur
496 2761 508 2795 :
543 2753 606 2796 ut
635 2745 750 2797 Pro
785 2744 854 2816 Q.
883 2741 1131 2809 flletello,
1165 2761 1328 2817 quam
1358 2762 1467 2796 non
1497 2741 1767 2796 immerito
1796 2743 2074 2819 Augustus

375 2834 843 2915 existimatmagis
870 2839 938 2895 ab
967 2841 1219 2897 actuariis
1248 2852 1526 2917 exceptam
1542 2883 1557 2913 ,
1583 2839 1723 2896 male
1749 2842 2073 2917 subsequen-

375 2933 520 2994 tibus
548 2939 714 2994 verba
741 2939 995 3012 dicentiS,
1027 2960 1191 3015 quam
1215 2940 1283 2995 ab
1314 2928 1430 3015 ipso
1456 2923 1672 2995 editam.
1701 2941 1846 2998 Nam
1868 2942 1925 2996 in
1942 2942 2073 3016 qui-

377 3037 604 3093 busdam
649 3038 1045 3115 exemplaribus
1092 3040 1341 3109 invenio5
1386 3058 1455 3093 ne
1502 3039 1815 3116 inscriptam
1857 3038 2073 3115 quidem

381 3141 496 3193 Pro
519 3131 774 3209 'Metello‚
808 3139 927 3211 sed,
960 3158 1124 3216 quam
1147 3138 1365 3216 scripsit
1393 3131 1639 3208 Metelle,
1673 3139 1842 3216 quum
1864 3160 1930 3195 ex
1950 3160 2074 3217 per-

385 3255 516 3291 sona
544 3237 769 3293 Caesaris
803 3259 978 3294 sermo
1008 3239 1105 3309 sit,
1138 3236 1423 3293 Metellum
1457 3259 1619 3314 seque
1648 3239 1899 3295 adversus
1928 3260 2076 3295 com-
