2372 3918
434 346 447 373 1
463 329 520 383 46
1208 333 1399 378 NOTAE

424 443 523 472 rem
539 462 551 484 ,
576 426 777 472 lusorias
803 436 848 472 et
871 426 1184 487 cubiculatas,
1213 439 1258 475 et
1292 430 1380 476 alia
1403 429 1608 475 ludibria
1630 438 1796 491 ‘regum
1820 426 1869 472 in
1892 428 2009 473 mari
2026 430 2163 476 lasci-

425 503 650 548 vientium
673 503 865 549 mittam.
890 525 908 546 »

490 582 692 626 Nomme
720 597 816 627 suo.
853 583 1176 630 Caesarionem.
1206 585 1276 630 Cf.
1303 587 1615 641 BAUMGART„
1642 583 1703 628 ad
1731 583 1775 627 h.
1807 584 1837 627 l.

487 657 769 717 Affirmavit.
801 661 867 706 Ut
883 659 1096 706 officeret
1119 662 1321 708 Octavio
1333 698 1345 721 ,
1362 663 1591 722 adoptato
1608 660 1799 706 Caesaris
1820 659 1935 706 filio.

493 735 541 780 C.
580 736 806 791 Matium,
833 746 880 781 et
915 737 964 781 C.
991 738 1214 799 Oppium.
1244 742 1316 784 De
1341 740 1414 785 his
1444 739 1590 785 Tacit.
1611 774 1623 796 ‚
1650 743 1799 796 Aust„
1824 754 1925 797 xn,
1949 739 2042 785 60:
2072 761 2091 781 «
2113 743 2162 786 C.

420 812 606 872 Oppius
643 821 688 857 et
717 814 858 858 Corn.
895 814 1068 859 Balbus
1096 815 1238 875 primi
1263 817 1453 862 Caesaris
1483 816 1656 875 opibus
1686 816 2163 875 potuereconditio-

417 904 499 934 nes
529 889 658 949 pacis
694 898 739 934 et
775 890 972 935 arbitria
994 891 1109 936 belli
1136 901 1352 938 tractare.
1386 892 1559 937 Matios
1591 893 1790 952 posthac
1821 902 1866 937 et
1899 893 2080 938 Vedios
2119 904 2165 939 et

419 974 572 1011 cetera
609 966 825 1026 equitum
859 983 978 1021 rom.
1006 968 1263 1028 praevalida
1286 969 1480 1014 nomina
1502 969 1680 1014 referre
1712 969 1830 1014 nihil
1854 968 2111 1018 attinuerit.
2144 991 2163 1011 »
2200 1006 2202 1008 ,

486 1043 675 1087 Librum
700 1044 861 1088 edidit.
887 1045 946 1089 H.
978 1060 1023 1090 e.
1054 1045 1184 1090 edito
1204 1045 1329 1090 libro
1346 1055 1543 1091 testatus
1566 1055 1648 1091 est.

480 1121 590 1165 CAP.
618 1123 741 1166 LIII.
778 1122 851 1165 Ab
881 1121 1079 1184 hospite.
1109 1123 1203 1181 Qui
1230 1139 1258 1169 a
1290 1124 1528 1169 Plutarch.
1564 1123 1616 1168 in
1643 1112 1764 1169 Caes.
1805 1123 2164 1174 dicitur'ffloele'-

418 1221 493 1260 ριος
519 1206 629 1247 Λέων
655 1206 701 1242 et
718 1199 945 1243 Caesarem
969 1200 1231 1246 Mediolani
1259 1200 1768 1261 convivio-excepisse.

489 1275 736 1320 Condituin
765 1278 915 1320 oleum
934 1310 946 1327 ‚
967 1293 1060 1337 pro
1086 1279 1240 1323 viridi.
1266 1280 1324 1323 H.
1343 1294 1382 1323 e.
1414 1279 1572 1323 oleum
1588 1279 1780 1339 myrrha
1796 1278 2046 1336 infectum,
2069 1295 2161 1339 pro

416 1354 523 1397 oleo
553 1368 610 1396 ex
640 1353 775 1397 olivis
800 1352 1037 1399 viridibus
1067 1368 1303 1415 expresso.
1552 1405 1555 1407 ,

480 1431 591 1475 CAP.
633 1432 756 1476 LIV.
805 1433 867 1476 In
899 1432 1160 1492 imperitis...
1207 1434 1262 1477 in.
1286 1433 1654 1493 magistratibus.
1690 1433 1838 1477 Erant
1875 1433 2074 1493 imperia
2109 1435 2157 1478 in

412 1506 671 1567 provinciis
689 1525 700 1564 ;
718 1508 1022 1569 magistratus
1041 1509 1092 1553 in
1118 1510 1266 1555 Urbe.
1294 1510 1418 1555 Vide
1450 1511 1620 1556 Smon.
1640 1509 1702 1568 ad
1717 1509 1818 1555 Liv.
1835 1544 1849 1567 ,
1871 1525 2053 1569 xxvnl,
2072 1511 2133 1556 38
2150 1547 2160 1567 ,

413 1594 459 1630 et
482 1587 542 1630 dc
559 1588 668 1629 Ant.
689 1578 800 1641 jure
826 1587 1033 1631 Pnovinc.
1053 1620 1066 1641 ,
1095 1589 1180 1644 111,
1209 1585 1237 1631 5
1266 1596 1313 1632 et
1336 1588 1381 1632 6.

480 1667 524 1707 A
545 1665 843 1723 proconsule.
873 1665 945 1708 Ex
961 1663 1107 1709 Wolf.
1125 1664 1420 1724 'proconsuli
1447 1663 1525 1708 cui
1563 1663 1872 1721 succedebat,
1909 1665 2159 1724 pecuniam

413 1740 633 1798 extorsit,
659 1739 837 1799 injecto
868 1741 1209 1786 calumniarum
1237 1742 1284 1786 h.
1318 1757 1356 1786 e.
1381 1740 1591 1785 criminis
1617 1740 1994 1802 repetundarum
2013 1752 2159 1790 metu.

485 1822 525 1862 Α
559 1819 710 1863 sociis.
729 1845 794 1852 -——
822 1817 980 1863 Socios
1008 1828 1175 1863 auctor
1199 1818 1315 1863 dicit
1341 1817 1554 1863 civitates
1571 1817 1809 1877 Hispaniae
1838 1818 2012 1877 socias,
2045 1820 2159 1879 qui-

412 1896 502 1941 bus
533 1912 633 1941 non
661 1896 808 1958 magis
837 1896 1054 1956 pepercit
1086 1898 1238 1942 Caesar
1270 1912 1414 1956 quam
1435 1890 1652 1940 hostibus
1674 1895 1931 1941 Lusitanis.

484 1974 734 2034 Ternisque
755 1973 1008 2020 millz'buS...
1026 1974 1306 2018 divenderet.
1330 1972 1592 2031 Budaeo‚de
1605 1974 1744 2026 Asse,
1756 1988 1803 2031 p.
1825 1973 1920 2033 269
1932 2007 1945 2030 ‚
1962 1982 2010 2017 et
2025 1975 2156 2018 Gro-

411 2051 581 2108 novio,
612 2050 675 2095 de
706 2051 897 2095 Sestert.
910 2083 926 2105 ,
951 2066 999 2110 p.
1039 2049 1152 2108 156,
1177 2050 1480 2107 auctoribus,
1513 2065 1660 2110 quum
1685 2048 1808 2093 libra
1835 2050 2018 2111 argenti
2031 2050 2157 2095 mille

410 2144 556 2186 asses,
582 2127 690 2190 auri
710 2137 764 2172 ut
797 2127 1003 2187 decuplo
1034 2128 1226 2189 gravior
1242 2128 1404 2172 decern
1427 2126 1573 2171 millia
1601 2126 1773 2171 assium
1799 2128 2002 2185 valeret,
2026 2145 2130 2188 quae
2145 2165 2156 2186 ‚

410 2204 624 2250 sestertio
652 2204 748 2249 sive
783 2220 979 2249 nummo
1010 2205 1072 2249 ad
1116 2204 1237 2250 duos
1269 2219 1390 2249 asses
1416 2220 1526 2248 cum
1556 2203 1758 2248 dimidio
1795 2212 1990 2261 exacto,
2029 2211 2156 2258 4000

409 2298 656 2327 nummum
690 2281 977 2340 effecissent,
1013 2283 1164 2327 Caesar
1193 2281 1367 2326 minori
1391 2281 1577 2340 pretio,
1617 2289 1787 2340 quarta
1818 2297 1988 2342 nempe
2023 2291 2157 2341 parte

410 2358 617 2416 remissa,
634 2374 718 2404 seu
740 2359 868 2404 3000
882 2359 1110 2416 nummis,
1127 2374 1296 2403 aurum
1318 2358 1624 2403 vendendum
1642 2357 1787 2403 dedit.
1806 2359 1864 2403 H.
1883 2361 1911 2403 l.
1934 2375 2153 2419 promer-

412 2438 516 2481 cale
540 2445 609 2481 est
639 2438 812 2481 venale
845 2452 928 2482 seu
955 2438 1024 2481 ad
1044 2438 1346 2482 vendendum
1376 2436 1654 2480 dtur-thuere
1669 2469 1682 2489 ,
1717 2443 1773 2479 ut
1802 2436 1949 2492 Gell.,
1981 2452 2053 2493 lv,
2089 2453 2107 2480 ι
2143 2454 2152 2480 :

411 2535 429 2554 «
453 2515 569 2570 Quae
601 2514 915 2573 promercalia
947 2524 992 2560 et
1014 2514 1232 2559 usuraria
1259 2514 1309 2558 in
1339 2513 1457 2558 lncis
1487 2512 1653 2557 iisdem
1685 2521 1892 2556 essent.»

476 2592 654 2652 Regna.
688 2591 782 2636 Cic.
817 2593 886 2636 ad
919 2594 1013 2637 Att.
1032 2625 1047 2646 ,
1073 2586 1171 2648 xu',
1205 2605 1232 2634 2
1249 2626 1260 2647 ,
1286 2591 1346 2635 de
1371 2590 1567 2635 Ariathe
1592 2606 1603 2634 ε
1635 2610 1653 2630 <‹
1682 2590 1819 2647 Vult,
1852 2589 2043 2650 opinor,
2074 2608 2151 2636 re—

404 2685 551 2729 gnum
584 2667 781 2728 aliquod
805 2684 959 2713 emere
989 2683 1015 2714 a
1043 2669 1234 2714 Caesare.
1262 2687 1281 2707 »

475 2747 748 2790 Ptolemoeo.
775 2745 881 2790 Scil.
909 2747 1104 2792 Auletae.

476 2823 692 2884 Rapinis.
723 2825 875 2869 Multa
911 2823 970 2868 de
994 2823 1186 2869 Caesaris
1215 2823 1393 2883 rapinis
1417 2822 1548 2883 apud
1573 2824 1838 2884 Baumgart.
1871 2820 2092 2882 reperias.

475 2901 585 2945 CAP.
621 2890 717 2946 LV.
744 2902 1047 2962 Eloquentia.
1079 2901 1174 2946 Cic.
1193 2903 1262 2945 ad
1283 2902 1418 2946 Brut.
1434 2934 1450 2956 ,
1472 2916 1608 2946 Lxxn
1628 2917 1673 2945 z«
1690 2902 1762 2945 De
1787 2901 1969 2945 Caesare
1986 2908 2032 2944 et
2053 2899 2152 2959 ipse

407 2978 471 3023 ita
496 2978 686 3037 judico,
724 2988 770 3024 et
804 2978 864 3023 de
896 2979 990 3023 hoc
1016 2978 1159 3037 hujus
1190 2979 1375 3041 generis
1406 2978 1639 3024 acen-nno
1673 2977 1953 3023 aestimatore
1990 2977 2151 3037 saepis-

406 3055 520 3100 sime
558 3055 727 3113 audio,
756 3052 894 3099 'illum
929 3042 1141 3100 omnium
1178 3055 1277 3100 fere
1325 3065 1574 3102 oratorum
1608 3055 1752 3101 latine
1783 3054 1921 3115 loqui
1960 3056 2149 3117 elegan—

406 3131 594 3178 tissime.
625 3153 642 3173 »
668 3133 736 3178 Cf.
769 3136 1002 3191 Quum-11..
1020 3169 1033 3191 ,
1057 3135 1205 3186 Inst.,
1231 3149 1285 3190 x,
1320 3150 1338 3177 1
1354 3169 1366 3191 ,
1390 3143 1436 3177 et
1459 3125 1554 3191 x'11‚
1590 3149 1662 3179 10.

475 3210 758 3255 Dolabelloe.
784 3204 908 3255 Vide
935 3225 1079 3271 supra
1096 3246 1109 3267 ,
1144 3216 1208 3254 iv.

476 3287 717 3331 Strabonis
742 3287 959 3332 Caesaris.
983 3274 1177 3347 Deque
1202 3287 1297 3332 Cic.
1316 3289 1384 3332 ad
1402 3289 1534 3333 Brut.
1550 3323 1565 3344 ,
1592 3304 1745 3334 XLVIII
1766 3305 1776 3332 ε
1803 3308 1822 3328 «
1844 3288 2022 3332 Orator
2049 3302 2147 3331 non

412 3363 679 3421 vehemens,
703 3364 786 3409 sed
814 3364 1146 3409 festivissimus.
1168 3385 1186 3405 »
1213 3366 1281 3410 Cf.
1308 3367 1459 3410 vnn.
1475 3401 1488 3424 ‚
1507 3382 1546 3410 11
1561 3402 1573 3424 ‚
1606 3383 1650 3426 9.
