2372 3918
581 293 667 339 DE
696 289 1100 339 ILLUSTRIBUS
1136 291 1603 339 GRAMMATICIS.
1918 292 1977 337 83

254 396 662 476 philosophiam
725 398 906 475 primo
927 438 943 468 ‚
998 393 1196 451 deinde
1252 394 1585 452 rhetoricam
1608 439 1624 466 ,
1685 402 1979 454 novissime

252 498 665 577 grammaticam
699 496 904 553 docuit.
947 494 1188 552 Dimissa
1226 507 1412 551 autem
1457 494 1671 567 schola,
1703 496 1976 554 Rutilium

250 586 462 655 Rufum
503 597 824 654 damnatum
867 596 924 651 in
972 595 1153 652 Asiam
1202 606 1453 667 secutus,
1493 594 1693 650 ibidem
1732 598 1978 674 Smyrnae

252 697 528 776 simulque
551 696 866 767 consenuit3
891 696 1313 773 composuitque
1341 694 1506 750 variae
1534 693 1858 751 eruditionis
1882 695 1981 752 ali·

251 812 389 877 quot
419 798 734 871 volumina,
765 818 832 855 ex
863 796 1066 875 quibus
1099 818 1294 854 novem
1332 797 1497 853 unius
1525 796 1774 874 corporis
1805 817 1818 852 τ
1852 797 1982 874 qui,

248 902 379 978 quia
420 901 714 978 scriptores
755 919 820 956 ac
854 910 1045 976 poetas
1094 898 1196 955 sub
1237 896 1489 955 clientela
1523 898 1812 954 Musarum
1834 896 1982 974 judi-

249 1013 433 1072 caret,
467 1020 578 1057 non
612 998 852 1056 absurde
882 1011 937 1056 et
969 999 1247 1077 scripsisse
1274 1010 1328 1055 et
1360 997 1550 1054 fecisse
1583 1018 1640 1054 se
1672 998 1749 1054 ait
1780 1018 1846 1054 ex
1879 1019 1980 1055 nu-

249 1121 404 1158 mero
436 1100 698 1158 divarum>
722 1113 777 1158 et
815 1099 1202 1180 appellatione.
1233 1100 1414 1177 Hujus
1447 1119 1754 1177 cognomen
1787 1101 1844 1156 in
1871 1098 1981 1177 ple-

248 1203 434 1279 risque
460 1190 740 1259 'indicibus
783 1213 837 1258 et
873 1200 1058 1258 »titulis
1089 1222 1190 1279 per
1222 1222 1388 1257 unam
1428 1198 1667 1257 litteram
1711 1202 1979 1278 scriptum

251 1301 635 1359 animadverto
672 1324 684 1360 :
716 1323 910 1360 verum
943 1304 1059 1382 ipse
1091 1301 1146 1359 id
1174 1323 1273 1380 per
1302 1302 1438 1359 duas
1467 1301 1627 1359 essert
1656 1302 1713 1358 in
1745 1302 1980 1380 parasti-

247 1402 408 1460 chide
436 1402 634 1476 libelli,
663 1404 758 1481 qui
790 1404 1114 1461 inscribitur
1144 1406 1361 1462 Pinax.

327 1506 453 1563 VII.
479 1506 560 1561 M.
588 1506 863 1561 Antonius
889 1505 1142 1583 Gnipho,
1172 1504 1469 1583 ingenuuS‚
1495 1508 1552 1562 in
1577 1505 1756 1563 Gallia
1788 1519 1979 1580 natuS,

243 1604 338 1661 sed
371 1606 683 1683 expositus3
716 1626 748 1662 a
790 1606 1065 1662 nutritore
1099 1626 1199 1662 suo
1230 1607 1623 1679 manumissus,
1660 1607 1975 1666 institutus-

243 1726 351 1783 que
391 1704 733 1763 Alexandriae
768 1705 1026 1783 quidem,
1066 1719 1128 1762 ut
1165 1705 1336 1784 aliqui
1379 1707 1637 1780 tradunt,
1681 1708 1738 1763 in
1777 1721 1973 1764 contu-

240 1806 435 1862 bernio
463 1806 713 1884 Dionysii
747 1806 1232 1885 Scytobrachionis
1260 1807 1439 1886 (quod
1471 1808 1725 1886 equidem
1757 1829 1870 1866 non
1900 1820 1976 1865 te-

240 1926 388 1964 mere
419 1906 775 1981 crediderim,
807 1929 980 1985 quum
1010 1920 1323 1986 temporum
1353 1909 1494 1965 ratio
1523 1910 1615 1965 vix
1645 1910 1973 1988 congruat),

240 2007 654 2065 fuisse-dicitur
695 2009 900 2087 ingenii
942 2010 1157 2087 magni,
1196 2011 1475 2067 memoriae
1508 2009 1831 2088 singulariS,
1872 2030 1976 2068 nec

239 2110 422 2167 minus
455 2130 660 2188 graece,
695 2130 860 2187 quam
897 2109 1066 2167 latine
1099 2110 1293 2168 doctus
1323 2133 1336 2168 ε
1367 2123 1629 2189 praeterea
1663 2112 1807 2168 comi
1840 2112 1971 2169 faci-

239 2208 389 2287 lique
420 2221 645 2283 natura,
675 2231 773 2266 nec
802 2231 1047 2288 unquam
1073 2211 1141 2267 de
1169 2211 1516 2269 mercedibus
1542 2225 1761 2290 pactus,
1795 2234 1971 2290 eoque

242 2308 400 2388 plura
434 2330 500 2367 ex
527 2309 853 2367 liberalitate
880 2310 1211 2367 discentium
1245 2324 1594 2370 consecutus.
1622 2315 1830 2370 Docuit
1863 2315 1975 2392 pri·

242 2431 396 2467 mum
438 2413 495 2466 in
534 2410 645 2466 divi
684 2409 815 2468 Julii
858 2411 1052 2485 dome,
1090 2412 1245 2490 pueri
1280 2412 1462 2470 adhuc
1497 2434 1510 2469 z
1548 2413 1746 2470 deinde
1782 2414 1840 2469 in
1874 2435 1972 2471 sua

240 2512 469 2591 privata.
516 2513 721 2569 Docuit
768 2525 954 2569 autem
1004 2526 1059 2570 et
1100 2513 1464 2588 rhetoricam,
1512 2515 1584 2571 ita
1622 2527 1684 2571 ut
1724 2515 1972 2592 quotidie

241 2633 385 2690 praec
483 2633 512 2669 a
547 2611 875 2690 eloquentiae
900 2614 1174 2686 traderet,
1205 2613 1535 2672 declamaret
1564 2636 1694 2672 vero
1725 2638 1838 2672 non
1869 2617 1975 2674 nisi

240 2712 414 2769 nundi
480 2734 521 2770 s.
547 2712 803 2770 Scholam
837 2716 953 2792 ejus
977 2713 1153 2771 claros
1178 2736 1398 2794 quoque
1423 2717 1569 2773 viros
1596 2716 1973 2794 frequentasse

240 2814 397 2870 aiunt
423 2835 435 2869 :
470 2814 643 2870 in-his
674 2816 927 2871 Marcum
957 2816 1307 2890 Ciceronem,
1334 2818 1500 2874 etiam
1530 2839 1702 2895 quum
1732 2831 1975 2897 praetura

240 2913 577 2992 fungeretur.
621 2916 851 2994 Scripsit
884 2915 1056 2974 multa
1077 2960 1092 2989 ‚
1126 2919 1377 2995 quamvis
1407 2939 1614 2975 annum
1647 2921 1820 2976 aetatis
1856 2940 1971 2976 non

239 3015 522 3071 excesserit
552 3037 564 3071 ε
595 3017 695 3072 etsi
722 3017 935 3073 Atteius
963 3015 1282 3096 Philologus
1311 3018 1423 3074 duo
1446 3030 1662 3075 tantum
1687 3018 1972 3077 volumina

238 3115 309 3172 de
353 3118 559 3174 Latino
598 3138 847 3176 sermone
885 3117 1170 3197 reliquisse
1204 3140 1327 3176 eum
1372 3119 1538 3176 tradit
1577 3141 1588 3175 :
1625 3141 1753 3177 nam
1793 3132 1971 3177 cetera

240 3219 441 3295 scripta
486 3217 883 3296 discipulorum
922 3220 1040 3297 ejus
1083 3242 1229 3294 esse,
1270 3242 1382 3278 non
1419 3222 1589 3299 ipsius
1629 3243 1641 3277 :
1675 3222 1729 3278 in
1769 3222 1972 3299 quibus

241 3331 295 3375 et
323 3340 481 3376 suum
516 3319 716 3377 alicubi
751 3323 980 3400 reperiri
1016 3345 1232 3381 nomen.
