2372 3918
377 265 433 312 ²4
443 264 467 311 4
719 280 723 283 -
1038 258 1085 303 C.
1121 258 1405 303 SUETONII

374 362 483 437 pit,
519 380 690 436 neque
719 381 904 417 eorum
933 362 1222 436 quicquam
1251 361 1528 430 omittere,
1562 381 1679 437 quae
1706 364 1914 438 generis
1943 366 2056 440 ejus

373 452 634 531 artifices,
678 459 761 515 vel
807 458 1183 515 conservandae
1230 461 1373 516 vocis
1426 480 1581 516 causa
1602 502 1616 531 ,
1664 459 1747 516 vel
1803 463 2059 539 augendae

373 557 709 631 factitarent;
737 557 829 614 sed
875 570 928 613 et
965 556 1272 634 plumbeam
1310 560 1549 615 chartam
1592 560 1815 636 supinus
1844 573 2059 637 pectore

374 659 666 728 sustinere,
699 669 750 713 et
795 656 1019 733 clystere
1053 648 1381 733 vomituque
1409 660 1659 736 purgari,
1697 671 1752 714 et
1794 660 2060 716 abstinere

372 759 548 834 pomis
570 758 807 831 cibisque
830 755 1216 828 officientibuS,
1245 756 1441 825 donec,
1472 757 1783 814 blandiente
1809 758 2056 836 profectu

374 857 732 933 (quamquam
767 855 970 933 exiguae
1007 856 1153 911 vocis
1180 867 1235 911 et
1269 854 1474 933 fuscae),
1508 857 1725 934 prodire
1758 860 1812 912 in
1843 878 2057 914 scenam

373 956 681 1032 concupivit
696 999 710 1024 ,
740 954 968 1011 subinde
985 955 1124 1010 inter
1143 953 1431 1011 familiares
1452 977 1684 1033 graecum
1713 958 2060 1033 proverbium

367 1056 607 1131 jactanS,
637 1053 902 1111 «occultae
947 1055 1164 1110 musicae
1201 1053 1410 1110 nullum
1449 1076 1560 1111 esse
1601 1069 1965 1132 respectum.»
1994 1061 2063 1112 Et

374 1153 577 1231 prodiit
622 1152 851 1230 Neapoli
898 1154 1163 1231 primum;
1211 1174 1272 1209 ac
1312 1173 1382 1209 ne
1427 1174 1687 1210 concusso
1717 1155 1935 1231 quidem
1979 1177 2063 1211 re-

373 1264 534 1329 pente
576 1264 731 1309 motu
766 1265 920 1307 terrae
959 1253 1171 1308 theatro
1205 1264 1328 1308 ante
1362 1265 1581 1309 cantare
1630 1252 1869 1326 destitit,
1900 1275 2061 1330 quam

372 1353 685 1407 inchoatum
713 1350 1011 1407 absolveret
1036 1344 1206 1426 νόμον.
1237 1351 1444 1406 Ibidem
1468 1352 1687 1427 saepius,
1715 1364 1771 1407 et
1793 1373 1891 1428 per
1922 1374 2066 1408 com-

371 1451 553 1530 plures
577 1453 813 1506 cantavit
840 1451 951 1509 dies
977 1472 988 1505 z
1015 1462 1196 1506 sumto
1227 1451 1388 1505 etiam
1414 1450 1481 1505 ad
1507 1449 1850 1506 reficiendam
1873 1471 2063 1508 vocem

371 1552 522 1607 brevi
554 1563 829 1628 tempore,
864 1550 1150 1626 impatiens
1172 1550 1363 1605 secreti
1391 1569 1421 1607 a
1450 1547 1676 1604 balineis
1706 1550 1760 1604 in
1794 1550 2065 1606 theatrum

372 1651 613 1721 transiit,
649 1650 930 1726 mediaque
960 1651 1015 1705 in
1044 1650 1320 1706 orchestra
1344 1648 1622 1724 frequente
1651 1648 1856 1725 populo
1886 1649 2064 1727 epula-

373 1763 460 1807 tus
478 1793 494 1822 ,
523 1751 609 1807 «si
634 1749 858 1827 paulum
891 1749 1211 1804 subbibisset
1229 1789 1244 1818 ,
1278 1747 1480 1824 aliquid
1510 1769 1564 1804 se
1590 1748 1799 1806 sufferti
1833 1750 2062 1805 tinnitu—

373 1870 520 1921 rum,
536 1875 562 1901 »
591 1869 764 1926 graeco
793 1868 1038 1904 sermone
1061 1847 1326 1924 promisit.
1347 1848 1553 1923 Captus
1573 1859 1753 1903 autem
1776 1839 2063 1904 modulatis

372 1947 862 2005 Alexandrinorum
891 1945 1322 2015 laudationibu8‚
1355 1946 1449 2022 qui
1480 1945 1724 2002 de-novo
1757 1961 2061 2003 commeatu

370 2047 640 2124 Neapolin
703 2046 1074 2116 confluxerant
1098 2088 1112 2117 ,
1173 2044 1351 2122 plures
1416 2044 1737 2102 Alexandria
1802 2049 2060 2103 evocavit.

370 2149 563 2223 Neque
599 2167 662 2203 eo
705 2147 921 2223 segnius
963 2143 1387 2201 adolescentulos
1426 2147 1686 2220 equestris
1727 2139 1968 2219 ordinis,
2009 2160 2063 2202 et

373 2247 613 2323 quinque
644 2243 874 2322 amplius
907 2243 1073 2299 millia
1104 2264 1132 2299 e
1164 2242 1319 2320 plebe
1357 2244 1740 2300 robustissimae
1765 2245 2065 2320 juventutis

370 2346 610 2421 undique
632 2344 790 2422 elegit
804 2387 818 2416 ,
847 2346 967 2420 qui,
996 2344 1151 2399 divisi
1172 2345 1227 2398 iu
1252 2343 1506 2399 factiones
1526 2386 1540 2415 ‚
1563 2342 1850 2419 plausuum
1870 2364 2066 2419 genera

365 2444 748 2524 ,condiscerent
780 2442 1049 2521 (bombos,
1084 2455 1139 2498 et
1178 2441 1443 2509 imbrices,
1471 2453 1526 2496 et
1551 2453 1715 2498 testas
1740 2442 2064 2518 vocabant),

372 2564 701 2620 operamque
730 2553 992 2599 navarent
1022 2540 1260 2596 cantanti
1294 2539 1394 2594 sibi
1413 2582 1428 2610 ,
1452 2540 1685 2617 insignes
1711 2541 2065 2618 pinguissima

371 2661 556 2712 coma,
593 2652 647 2695 et
678 2638 1131 2695 excellentissimo
1172 2636 1320 2694 cultu
1352 2639 1538 2714 pueri,
1575 2659 1674 2694 nec
1714 2640 1827 2695 sine
1859 2639 2062 2696 annulo

368 2737 511 2794 laevis
545 2760 558 2794 ε
586 2759 819 2815 quorum
849 2738 1011 2793 duces
1044 2737 1394 2814 quadragena
1420 2737 1588 2793 millia
1617 2740 1922 2794 sestertium
1946 2760 2060 2795 me-

368 2838 574 2894 rebant„

445 2939 592 2994 XXI.
621 2940 808 3011 Quum
842 2939 1024 3014 magni
1057 2938 1343 2994 aestimaret
1380 2951 1596 2994 cantare
1627 2941 1789 2995 etiam
1830 2943 2014 2997 Romae
2038 2925 2059 3009 ‚¹

366 3037 677 3094 Neroneum
709 3048 1030 3114 agonaante
1061 3037 1418 3112 praestitutam
1449 3037 1591 3092 diem
1624 3039 1926 3107 revocavit3
1948 3037 2051 3093 fla-

366 3135 763 3211 gitantibusque
777 3136 983 3191 cunctis
999 3125 1264 3190 coelestem
1281 3156 1465 3191 vocem
1478 3179 1493 3206 ,
1511 3137 1788 3214 respondit
1803 3136 2018 3212 quidem
2040 3180 2053 3208 ,

367 3255 394 3283 α
414 3232 469 3287 in
500 3233 671 3290 hortis
700 3255 754 3289 se
788 3235 998 3310 copiam
1030 3232 1332 3290 volentibus
1367 3235 1636 3291 facturum
1668 3257 1680 3290 :
1706 3260 1734 3289 »
1765 3235 1857 3291 sed
1884 3235 2053 3311 adju-
