2372 3918
910 295 1238 342 CLAUDIUS.
1829 297 1919 343 203

223 415 388 480 atque
433 402 802 461 adolescentiae
843 410 1055 478 tempus
1100 397 1263 454 variis
1300 409 1355 453 et
1404 399 1684 456 tenacibus
1713 400 1918 457 morbis

223 504 566 562 conflictatus
588 514 696 571 est3
723 497 859 557 adeo
887 509 976 568 ut,
1006 498 1188 555 animo
1224 495 1384 554 simul
1417 509 1472 554 et
1495 518 1727 575 corpore
1750 501 1920 557 hebe-

226 616 370 675 tato,
407 624 477 661 ne
504 619 789 682 progressa
830 597 1051 676 quidem
1085 607 1239 655 aetate
1266 595 1363 654 ulli
1391 596 1611 674 publico
1639 599 1921 674 privatove

225 703 439 760 muneri
471 699 668 759 habilis
695 698 1111 756 existimaretur.
1141 698 1281 768 Diu,
1307 708 1473 774 atque
1505 696 1669 753 etiam
1696 711 1820 774 post
1843 710 1926 755 tu-

225 803 386 861 telam
427 811 726 878 receptam,
754 796 916 855 alieni
942 796 1181 867 arbitrii,
1231 808 1286 854 et
1327 796 1428 853 sub
1463 795 1758 875 paedagogo
1794 797 1925 870 fuit;

223 922 384 979 quem
420 899 755 957 «barbarum
785 909 840 954 et
885 896 1017 954 olim
1049 897 1626 975 superjumentarium,
1660 917 1727 953 ex
1761 896 1920 953 indu·

226 1003 360 1057 stria
383 999 486 1057 sibi
508 999 838 1078 appositum,
864 1010 926 1054 ut
951 997 1445 1075 se.quibuscunque
1471 995 1539 1052 de
1563 997 1737 1053 causis
1760 1017 1923 1073 quam

225 1101 510 1159 saevissime
538 1110 882 1170 coerceret,»
919 1098 1033 1175 ipse
1066 1096 1301 1174 quodam
1339 1096 1523 1153 libello
1551 1098 1924 1174 conqueritur.

222 1201 310 1258 Ob
352 1201 493 1256 hanc
535 1198 780 1255 eamdem
819 1196 1185 1254 valetudinem
1221 1209 1276 1253 et
1311 1195 1632 1274 gladiatorio
1669 1217 1929 1266 munere,

222 1299 369 1377 quod
393 1298 552 1356 simul
579 1319 704 1355 cum
734 1298 900 1354 fratre
926 1297 1201 1354 memoriae
1230 1298 1399 1375 patris
1430 1297 1644 1370 edebat,
1675 1296 1926 1374 palliola-

223 1411 314 1455 tus
338 1420 482 1455 novo
498 1419 650 1456 more
670 1397 947 1476 praesedit;
969 1409 1022 1453 et
1048 1410 1185 1476 togae
1206 1396 1377 1454 virilis
1400 1397 1510 1470 die,
1528 1399 1670 1455 circa
1690 1398 1923 1454 mediam

226 1510 439 1555 noctem
455 1541 471 1572 ‚
507 1499 622 1555 sine
648 1496 896 1555 sollemni
917 1496 1122 1571 offici0,
1146 1496 1335 1554 lectica
1356 1499 1411 1553 in
1435 1495 1766 1575 Capitolium
1787 1497 1930 1555 latus

226 1610 326 1654 est.
1005 1648 1009 1652 .

305 1700 405 1754 ΙΙΙ.
448 1696 762 1775 Disciplinis
789 1709 971 1753 tamen
1000 1696 1314 1755 liberalibus
1337 1698 1406 1755 ab
1435 1710 1591 1756 aetate
1616 1700 1791 1775 prima
1816 1719 1928 1755 non

226 1795 552 1853 mediocrem
596 1817 817 1874 operam
850 1796 1029 1868 dedit,
1068 1817 1131 1853 ac
1169 1818 1306 1876 saepe
1348 1798 1719 1876 experimenta
1746 1799 1929 1875 cujus-

225 1917 332 1974 que
365 1898 527 1953 etiam
563 1895 878 1974 publicavit.
921 1899 1130 1955 Verum
1167 1919 1235 1954 ne
1268 1899 1346 1955 sic
1386 1898 1605 1974 quidem
1638 1900 1930 1975 quicquam

226 1996 505 2075 dignitatis
550 1997 796 2074 assequi,
847 2009 943 2054 aut
989 2018 1140 2075 spem
1191 1997 1258 2054 de
1303 2018 1360 2054 se
1407 1997 1833 2055 commodiorem
1875 2000 1931 2055 in

227 2108 507 2175 posterum
532 2096 707 2154 facere
730 2098 925 2174 potuit.
957 2100 1136 2154 Mater
1157 2099 1395 2163 Antonia
1424 2122 1451 2151 α
1467 2111 1781 2176 portentum
1806 2120 1931 2156 eum

228 2196 501 2253 hominis»
523 2196 821 2269 dictitabat,
847 2217 983 2255 «nec
1000 2196 1310 2254 absolutum
1327 2220 1358 2255 a
1378 2210 1590 2271 natura,
1609 2198 1701 2255 sed
1718 2211 1930 2255 tantum

229 2295 545 2352 inchoatum
565 2316 576 2351 :
596 2318 622 2347 η
638 2315 702 2351 ac
722 2297 765 2352 si
786 2317 948 2373 quem
964 2297 1223 2354 socordiae
1245 2310 1521 2376 argueret,
1545 2324 1572 2352 α
1587 2298 1891 2356 stultiorem
1906 2324 1934 2352 2>

228 2395 406 2452 aiebat
433 2395 587 2452 «filio
621 2416 720 2454 suo
750 2397 1040 2455 Claudio.»
1071 2400 1207 2456 Avia
1230 2402 1478 2477 Augusta
1510 2421 1610 2477 pro
1635 2400 1930 2478 despectis·

230 2495 368 2551 simo
396 2515 609 2573 semper
636 2496 831 2553 habuit
852 2518 864 2553 :
888 2518 999 2553 non
1022 2497 1206 2570 affari,
1229 2499 1332 2555 nisi
1355 2500 1652 2572 rarissime;
1678 2521 1794 2557 non
1819 2521 1938 2557 mo-

231 2614 384 2668 nere,
417 2596 521 2651 nisi
549 2595 744 2653 acerbo
771 2608 825 2653 et
849 2597 1001 2654 brevi
1029 2598 1259 2676 script0,
1282 2610 1378 2656 aut
1404 2620 1503 2678 per
1528 2600 1902 2658 internuncios
1919 2644 1935 2673 ,

232 2692 407 2751 solita.
450 2696 619 2751 Soror
653 2694 845 2752 Livilla
879 2717 1049 2774 quum
1081 2698 1345 2772 audisset,
1381 2700 1559 2777 ipsum
1601 2700 1933 2778 quandoque

233 2792 652 2868 imperaturum,
703 2805 814 2850 tam
852 2796 1094 2872 iniquam
1137 2810 1193 2855 et
1253 2811 1365 2855 tam
1409 2798 1691 2878 indignam
1732 2813 1933 2857 sortem

235 2891 423 2970 populi
443 2894 653 2949 romani
675 2892 854 2970 palam
875 2906 928 2951 et
952 2894 1094 2953 clare
1122 2896 1388 2956 detestata
1409 2911 1506 2956 est.
1525 2903 1668 2958 Nam
1686 2913 1738 2957 et
1761 2921 1936 2958 avun-

235 2990 390 3048 culus
430 2992 605 3068 major
644 2990 920 3072 Augustus
953 2995 1084 3072 quid
1122 2995 1189 3053 de
1213 3017 1278 3054 eo
1308 2999 1364 3055 in
1405 3010 1693 3077 utramque
1722 3014 1932 3078 partem

237 3092 488 3168 opinatus
524 3092 616 3164 sit,
652 3113 762 3170 quo
794 3096 994 3152 certius
1036 3110 1420 3174 cognoscatur,
1463 3100 1643 3176 capita
1671 3121 1737 3157 ex
1766 3102 1935 3178 ipsius

234 3188 478 3268 epistolis
506 3193 680 3269 posui.

311 3293 412 3349 1V.
445 3289 807 3351 «Collocutus
836 3315 953 3353 sum
976 3318 1100 3355 cum
1131 3300 1377 3370 Tiberio,
1411 3312 1470 3356 ut
1496 3302 1794 3375 mandasti,
1816 3323 1935 3361 mea
