2372 3918
407 288 496 332 170
1068 271 1116 317 c.
1151 269 1441 317 sumoml

326 443 327 455 ἶ
407 377 663 436 notabilis
697 378 860 434 etiam
894 388 1242 435 externorum
1274 376 1438 433 favor.
1476 374 1727 451 Namque
1762 378 2064 436 Artabanus
2086 424 2102 453 ‚

402 480 728 559 Parthorum
771 499 899 549 rex,
939 477 1126 534 odium
1171 498 1384 554 semper
1423 487 1865 552 contemtumque
1902 478 2103 535 Tiberii

402 601 515 657 prae
547 601 602 636 se
632 579 838 651 ferens,
874 577 1166 634 amicitiam
1198 577 1315 653 ejus
1348 575 1494 632 ultro
1528 576 1713 653 petiit3
1749 577 2005 654 venitque
2033 578 2101 634 ad

400 678 735 755 colloquium
775 678 938 755 legati
982 675 1313 747 consulariS,
1349 688 1407 754 et
1444 688 1812 753 transgressus
1849 678 2103 753 Euphra-

398 791 509 835 tem
531 823 545 851 ,
583 776 793 855 aquilas
835 789 887 833 et
930 776 1083 854 signa
1119 796 1383 848 romana,
1421 777 1803 852 Caesarumque
1844 776 2103 855 imagines

397 879 679 936 adoravit..
754 907 756 909 >

477 983 600 1037 XV.
632 979 966 1036 Incendebat
990 992 1043 1036 et
1070 980 1184 1057 ipse
1215 978 1394 1036 studia
1412 979 1699 1036 hominum
1722 979 1874 1035 omni
1906 998 2103 1056 genere

396 1079 797 1157 popularitatis.
839 1080 1059 1137 Tiberio
1099 1101 1223 1136 cum
1257 1078 1509 1157 plurimis
1540 1078 1793 1158 lacrymis
1829 1100 1932 1157 pro
1973 1099 2104 1134 con-

399 1182 554 1237 cione
588 1180 839 1251 laudat0,
872 1180 1234 1265 funeratoque
1263 1178 1622 1256 amplissime,
1650 1178 1933 1236 confestim
1960 1181 2104 1235 Pan·

399 1279 663 1336 datariam
704 1293 758 1336 et
786 1271 1040 1352 Pontias,
1069 1279 1137 1335 ad
1166 1279 1566 1335 transferendos
1596 1280 1786 1335 matris
1817 1278 2104 1355 fratrisque

398 1379 634 1447 cinereS,
663 1379 968 1445 festinavit,
998 1390 1314 1456 tempestate
1340 1378 1586 1450 turbida,
1608 1399 1718 1454 quo
1741 1379 1911 1455 magis
1935 1378 2104 1454 pietas

398 1479 691 1534 emineret:
718 1478 960 1555 adiitque
987 1477 1435 1550 venerabunduS,
1460 1499 1523 1534 ac
1547 1498 1644 1554 per
1664 1489 1834 1533 semet
1857 1477 1912 1531 in
1940 1498 2106 1533 urnas

398 1577 660 1634 condidit.
690 1580 809 1636 Nec
844 1578 1057 1633 minore
1091 1598 1250 1633 scena
1282 1577 1519 1650 Ostiam,
1550 1576 1773 1654 praefixo
1803 1577 1858 1632 in
1886 1576 2106 1632 biremis

395 1699 583 1755 puppe
624 1677 853 1747 vexillo,
892 1689 945 1734 et
989 1677 1115 1733 inde
1155 1679 1391 1734 Romam
1428 1677 1610 1733 Tiberi
1650 1677 1968 1746 subvectos,
2010 1697 2107 1754 per

397 1778 895 1855 splendidissimum
928 1798 1198 1855 quemque
1241 1778 1502 1854 equestris
1543 1775 1783 1848 ordiniS‚
1822 1775 2003 1833 medio
2045 1797 2108 1833 ac

393 1878 667 1955 frequenti
717 1878 802 1934 die
848 1878 1063 1934 duobus
1107 1876 1328 1934 ferculis
1373 1876 1650 1933 mausoleo
1696 1876 1929 1932 intulit:
1970 1876 2105 1932 infe-

395 1979 620 2055 riasque
650 1979 734 2034 his
764 1998 947 2035 annua
973 1977 1236 2056 religione
1267 1975 1483 2060 publice
1511 1978 1747 2033 instituit
1772 1998 1785 2032 ε
1812 1989 1865 2032 et
1898 1997 1964 2032 eo
1991 1997 2107 2032 am-

394 2076 536 2154 plius
581 2078 743 2134 matri
784 2079 1098 2150 CircenseS,
1141 2089 1602 2155 carpentumque,
1638 2098 1750 2154 quo
1800 2077 1858 2133 in
1902 2097 2107 2153 pompa

393 2177 786 2234 traduceretur.
817 2180 888 2236 At
929 2178 986 2233 in
1016 2177 1338 2234 memoriam
1367 2177 1535 2254 patris
1565 2177 1926 2255 septembrem
1958 2198 2108 2232 men·

393 2299 505 2334 sem
544 2279 936 2335 Germanicam
976 2277 1287 2356 appellavit.
1329 2280 1459 2334 Post
1503 2278 1618 2334 haec
1658 2278 1908 2335 Antoniae
1939 2278 2106 2348 aviae,

392 2378 655 2455 quicquid
680 2400 923 2455 unquam
946 2379 1103 2435 Livia
1130 2381 1378 2456 Augusta
1401 2378 1676 2434 honorum
1705 2379 1960 2454 cepisset,
1991 2397 2103 2432 uno

383 2478 860 2535 senatusconsulto
894 2464 1183 2555 congessit.
1222 2482 1486 2534 Patruum
1513 2475 1840 2549 Claudium,
1865 2477 2104 2553 equitem

391 2599 696 2642 romanum»
729 2579 798 2634 ad
843 2579 900 2633 id
943 2591 1157 2655 tempus
1183 2620 1198 2650 ,
1247 2576 1509 2655 collegam
1561 2577 1661 2633 sibi
1709 2578 1767 2633 in
1813 2575 2103 2633 consulatu

387 2678 659 2733 assumsit.
695 2681 940 2733 Fratrem
971 2677 1253 2734 Tiberium
1291 2676 1377 2733 die
1412 2677 1583 2733 virilis
1617 2689 1756 2755 togae
1784 2676 2104 2755 adoptavit,

377 2771 794 2854 appellavitque
816 2777 1124 2857 principem
1145 2777 1467 2850 juventutis.
1495 2779 1582 2834 De
1608 2777 1886 2834 sororibus
1913 2788 2104 2857 auctor

387 2876 531 2957 fuit,
575 2890 639 2933 ut
687 2879 938 2934 omnibus
984 2879 1334 2935 sacramentis
1385 2879 1740 2956 adjiceretur,
1785 2881 1981 2956 Neque
2019 2897 2105 2932 me

376 2976 692 3055 ‚liberosque
735 2999 886 3036 meos
928 2981 1176 3037 cariores
1200 2978 1408 3035 habebo
1417 3022 1434 3049 ,
1483 2998 1652 3058 qaam
1693 2980 1886 3035 Caium
1930 2975 2103 3033 habeo

391 3090 444 3134 et
497 3099 712 3136 sorores
751 3078 904 3153 ejas,·
955 3081 1087 3136 item
1137 3079 1491 3135 relationibus
1539 3078 1826 3135 consulum
1866 3099 1879 3134 ε
1934 3074 2110 3152 Quod

384 3161 596 3236 'bonam
615 3179 880 3257 felixque
913 3180 986 3236 sit
1022 3181 1081 3236 G.
1119 3181 1338 3236 Caesari
1379 3179 1767 3259 sororibusque
1801 3177 1937 3251 ejas.
1976 3176 2101 3232 Pari

395 3278 758 3356 popularitate
808 3279 1091 3336 damnatos
1142 3278 1517 3356 relegatosque
1572 3280 1810 3336 restituit
1857 3299 1870 3334 z
1914 3275 2133 3334 crimi?
