2372 3918
1050 254 1232 301 NERO.
1911 261 2002 307 263

295 383 401 440 que
433 384 465 419 a
501 382 556 419 se
594 361 725 418 artis
768 331 1127 436 objiceretur3
1158 357 1402 436 singulos
1445 360 1678 418 subinde
1723 365 1965 442 rogitans
1986 408 2002 437 ,

295 487 320 515 «
341 473 632 520 nossentne
649 476 979 538 quemquam
1010 459 1462 535 praestantiorem.
1486 484 1514 513 ιο
1543 461 1650 517 Sed
1681 466 2004 541 urgentibus

293 561 414 619 aliis
443 581 609 640 super
630 558 765 618 alios
783 558 1022 631 nunciis,
1051 561 1284 616 Romam
1307 559 1670 637 praetrepidus
1695 562 1856 620 rediit
1882 586 1896 621 z
1930 563 2005 622 le·

290 664 535 742 viterque
554 658 720 720 modo
743 660 800 716 in
824 659 1020 717 itinere
1040 657 1239 716 frivolo
1267 661 1513 738 auspicio
1537 674 1720 719 mente
1739 677 2003 736 recreata,

288 783 460 839 quum
497 771 837 829 annotasset,
867 757 1202 838 insculptum
1231 773 1590 819 monumento
1627 760 1853 821 militem
1892 764 2006 843 gal-

288 861 403 920 lum
425 862 494 920 ab
512 860 694 938 equite
713 879 944 917 romano
974 879 1297 938 oppressum
1325 862 1469 919 trahi
1489 862 1733 919 crinibus
1748 905 1765 936 ,
1788 861 1858 920 ad
1883 884 2005 921 eam

286 964 519 1040 speciem
541 958 759 1018 exsiluit
778 959 980 1038 gaudio
999 1002 1015 1032 ,
1043 959 1353 1038 coelumque
1374 962 1643 1019 adoravit.
1665 965 1746 1020 Ac
1772 983 1842 1019 ne
1870 975 2006 1021 tunc

284 1061 507 1141 quidem
523 1073 621 1119 aut
635 1072 829 1135 senatu
858 1072 955 1117 aut
980 1059 1190 1139 populo
1207 1081 1392 1119 coram
1408 1061 1709 1142 appellato,
1736 1064 2005 1142 quosdam

284 1184 315 1219 e
334 1162 668 1241 primoribus
687 1163 820 1223 viris
843 1160 1071 1219 domum
1097 1164 1376 1220 evocavit:
1402 1175 1786 1243 transactaque
1806 1166 2006 1243 raptim

283 1263 710 1334 consultatione,
737 1261 1005 1341 reliquam
1028 1261 1137 1320 diei
1165 1276 1378 1341 partem
1406 1285 1506 1342 per
1531 1284 1740 1344 organa
1767 1265 2005 1344 hydrau-

286 1363 390 1422 lica
416 1365 547 1421 novi
586 1376 644 1421 et
678 1363 852 1443 ignoti
879 1364 1095 1441 generis
1141 1363 1510 1421 circumduxit
1544 1386 1559 1421 z
1600 1365 2006 1443 ostendensque

282 1464 517 1544 singula,
534 1464 603 1522 de
622 1464 838 1521 ratione
857 1484 920 1520 ac
942 1462 1270 1521 difficultate
1292 1464 1557 1542 cujusque
1577 1464 1871 1537 disserens,
1889 1466 2005 1543 jam

283 1586 340 1622 se
360 1566 524 1622 etiam
549 1563 896 1644 prolaturum
916 1565 1101 1621 omnia
1127 1565 1183 1620 in
1209 1565 1483 1622 theatrum
1501 1564 1822 1639 affirmavit,
1841 1567 1886 1624 si
1907 1587 2008 1644 per

281 1664 570 1723 Vindicem
600 1662 776 1721 liceat.
832 1676 835 1679 ⁴

359 1766 872 1841 XLII..Postquam
913 1763 1113 1820 deinde
1142 1766 1306 1821 etiam
1338 1764 1576 1822 Galbam
1618 1779 1673 1822 et
1713 1769 2005 1844 Hispanias

278 1864 563 1925 descivisse
604 1865 897 1943 cognovit,
932 1863 1232 1943 collapsuS,
1282 1866 1578 1942 animoque
1614 1866 1756 1923 male
1800 1867 2004 1941 fracto,

277 1966 372 2023 diu
408 1977 466 2022 et
493 1966 609 2022 sine
654 1985 821 2037 voce,
861 1976 915 2021 et
942 1985 1114 2044 prope
1157 1967 1554 2023 intermortuus
1593 1968 1784 2044 jacuit.
1817 1971 2003 2045 thue

278 2066 534 2143 resipuit,
558 2077 704 2122 veste
727 2064 981 2138 discissa,
1013 2067 1191 2143 capite
1218 2067 1646 2139 converberatO,
1675 2093 1703 2121 «
1718 2081 1905 2125 actum
1931 2068 2001 2124 de

279 2187 360 2240 se,
381 2190 410 2219 »
432 2167 854 2245 pronunciavit:
877 2166 1292 2245 consolantique
1317 2168 1634 2242 nutriculae,
1658 2183 1713 2227 et
1726 2169 1844 2227 aliis
1869 2191 2005 2248 quo-

280 2286 387 2343 que
428 2267 541 2344 jam
580 2266 922 2344 principibus
966 2265 1164 2324 similia
1205 2267 1463 2325 accidisse
1508 2271 1864 2342 memoranti,
1881 2294 1908 2324 α
1936 2272 2005 2326 Se

279 2386 409 2423 vero
436 2378 636 2444 praeter
662 2379 870 2423 ceteros
901 2365 1146 2424 inaudita
1178 2380 1234 2425 et
1263 2370 1545 2446 incognita
1567 2372 1710 2447 pati,
1730 2395 1757 2424 »
1782 2391 2003 2448 respon-

281 2466 380 2540 dit,
397 2467 535 2544 «qui
551 2486 824 2523 summum
848 2468 1140 2544 imperium
1166 2470 1321 2524 vivus
1337 2470 1625 2526 amitteret.
1641 2495 1667 2523 »
1699 2471 1816 2528 Nec
1844 2491 1910 2528 eo
1928 2491 2005 2527 se-

281 2566 398 2623 cius
416 2567 708 2643 quicquam
734 2586 802 2623 ex
832 2566 1231 2624 consuetudine
1252 2566 1413 2625 luxus
1442 2581 1608 2647 atque
1636 2569 1857 2627 desidiae
1870 2572 2006 2626 omi-

281 2667 377 2739 sit,
398 2664 487 2723 vel
515 2666 811 2723 imminuit.
843 2667 994 2741 Quin
1024 2667 1222 2742 immo,
1251 2689 1426 2746 quum
1455 2670 1704 2749 prosperi
1738 2670 2001 2748 quiddam

282 2788 349 2824 ex
378 2766 672 2844 provinciis
703 2768 1022 2825 nunciatum
1062 2780 1236 2841 esset,
1277 2789 1444 2847 super
1475 2770 2005 2828 abundantissimam

283 2887 494 2924 coenam
509 2864 775 2944 jocularia
795 2868 852 2924 in
874 2867 1194 2925 defectionis
1218 2868 1384 2926 duces
1403 2872 1677 2945 carmina,
1699 2871 2006 2949 lasciveque
2036 2900 2046 2911 ·

284 2966 592 3042 modulata,
621 2988 743 3046 quae
765 2966 933 3046 vulgo
961 2980 1265 3026 notuerunt
1283 3013 1299 3040 ,
1327 2970 1488 3027 etiam
1518 2970 1871 3050 gesticulatus
1894 2984 2002 3044 est,

283 3088 346 3124 ac
373 3066 696 3145 spectaculis
738 3070 938 3126 theatri
970 3069 1113 3127 clam
1145 3069 1353 3144 illatus,
1390 3070 1606 3128 cuidam
1640 3074 1855 3129 scenico
1882 3072 2002 3152 pla·

284 3170 425 3226 centi
451 3169 713 3227 nuncium
746 3171 918 3243 misit,
950 3172 1143 3228 «abuti
1172 3192 1298 3228 eum
1330 3173 1790 3251 occupationibus
1825 3174 1952 3230 suis.
1972 3198 1998 3227 υ

361 3271 563 3327 XLIII.
619 3270 783 3327 Initio
820 3272 1004 3328 statim
1057 3271 1356 3345 tumultuS,
1405 3271 1574 3330 multa
1621 3285 1672 3328 et
1718 3273 2003 3341 immania,
