2372 3918
385 286 399 313 ι
414 267 471 313 52
1053 271 1101 313 C.
1139 270 1427 315 SUETONII

379 372 583 447 pedita,
613 371 1013 449 exploratorem
1046 374 1173 445 viae,
1211 376 1513 450 primarum
1548 375 1858 430 cohortium
1903 390 2086 433 centu—

378 470 613 543 rionem,
642 483 876 527 stratum
909 472 1063 527 humi
1092 492 1245 548 paene
1269 473 1339 528 ad
1371 494 1559 529 necem
1587 474 1909 531 verberavit.

453 573 600 625 LXI.
646 573 778 626 Mox
819 572 875 625 in
921 591 1082 625 omne
1119 592 1291 648 genus
1329 571 1665 629 crudelitatis
1702 574 1911 650 erupit,
1943 595 2087 630 nun-

375 689 540 744 quam
587 669 869 726 deficiente
898 672 1124 726 materia
1161 692 1173 726 :
1207 692 1378 747 quum
1418 674 1597 748 primo
1639 673 1857 744 matris,
1890 672 2086 729 deinde

373 780 636 845 nepotum
657 780 712 825 et
727 789 920 839 nuruS‚
940 781 1217 846 postremo
1235 771 1416 847 Sejani
1437 770 1727 828 familiares
1744 783 1908 849 atque
1923 773 2087 828 etiam

374 879 532 923 notos
551 880 984 945 persequeretur.
1009 871 1141 924 Post
1167 869 1323 946 cujus
1353 870 1634 926 interitum
1655 869 1741 926 vel
1765 871 2087 927 saevissimus

373 967 607 1038 exstitit3
638 988 748 1044 quo
777 969 1011 1025 maxime
1038 969 1321 1045 apparuit,
1353 990 1465 1025 non
1488 982 1599 1025 tam
1630 972 1810 1047 ipsum
1832 992 1865 1026 a
1887 973 2086 1047 Sejano

374 1069 636 1124 concitari
675 1067 927 1140 solitum,
972 1089 1138 1145 quam
1177 1069 1436 1145 Sejanum
1475 1070 1740 1145 quaerenti
1777 1071 2091 1126 occasiones

372 1167 825 1224 subministrasse.
874 1169 991 1225 Etsi
1042 1169 1438 1225 commentario
1460 1211 1476 1240 ,
1519 1189 1683 1245 quem
1731 1169 1798 1226 de
1839 1171 1954 1225 vita
1992 1190 2090 1225 sua

372 1269 683 1323 summatim
728 1269 1077 1346 breviterque
1116 1270 1453 1346 composuit,
1495 1289 1660 1326 ausus
1702 1281 1782 1325 est
1822 1269 2088 1340 scribere,

371 1391 397 1418 α
418 1368 677 1443 Sejanum
711 1389 767 1424 se
793 1371 1046 1446 punisse,
1083 1369 1234 1445 quod
1271 1369 1651 1445 comperisset,
1682 1368 1864 1426 furere
1895 1368 2089 1424 adver-

370 1487 463 1522 sus
495 1465 694 1524 liberos
728 1469 1044 1526 Germanici
1085 1467 1181 1523 filii
1213 1470 1330 1524 sui:
1358 1492 1385 1520 2>
1419 1489 1653 1544 quorum
1689 1468 1803 1544 ipse
1833 1466 2089 1538 alterum,

369 1580 621 1645 suspecto
639 1570 780 1645 jam,
805 1566 1071 1640 alterum,
1096 1589 1358 1646 oppresso
1392 1567 1614 1623 demum
1641 1568 1867 1643 Sejano,
1890 1568 2094 1622 intere-

370 1666 487 1723 mit.
530 1667 864 1745 Singillatim
904 1667 1201 1724 crudeliter
1238 1668 1383 1723 facta
1422 1668 1539 1744 ejus
1579 1668 1823 1743 exsequi,
1863 1665 2092 1744 longum

371 1780 453 1825 est
483 1790 495 1823 :
524 1789 756 1845 genera,
786 1767 940 1824 velut
975 1766 1335 1844 exemplaria,
1369 1768 1584 1823 saevitiae
1618 1787 1974 1838 enumerare,
2008 1777 2092 1823 sat

371 1869 490 1923 erit.
513 1866 718 1925 Nullus
740 1889 772 1923 a
796 1887 957 1944 poena
977 1867 1270 1922 hominum
1289 1867 1521 1923 cessavit
1540 1866 1656 1922 dies
1673 1909 1687 1938 ,
1714 1887 1783 1922 ne
1807 1865 2092 1943 religiosus

371 1967 593 2043 quidem
644 1988 708 2022 ac
751 1955 918 2023 sacer.
961 1966 1422 2023 Animadversum
1465 1966 1523 2022 in
1561 1965 1829 2042 quosdam
1870 1966 2092 2020 ineunte

369 2086 517 2121 anno
538 2086 683 2121 novo
709 2087 723 2120 ε
744 2067 982 2122 accusati
1002 2065 1359 2141 damnatique
1382 2063 1544 2120 multi
1566 2085 1694 2120 cum
1723 2063 1906 2118 liberis
1929 2075 2093 2139 atque

372 2167 535 2221 etiam
568 2166 832 2222 uxoribus
871 2166 999 2222 suis,
1041 2163 1436 2234 Interdictum,
1481 2185 1550 2220 ne
1587 2165 1766 2240 capite
1805 2162 2093 2218 damnatos

368 2266 668 2342 propinqui
689 2263 945 2342 lugerent
967 2286 979 2320 ε
999 2264 1218 2321 decreta
1240 2264 1648 2320 accusatoribus
1668 2263 1944 2340 praecipua
1959 2282 2096 2338 prae-

368 2367 510 2437 mia,
552 2386 951 2442 nonnunquam
984 2377 1038 2420 et
1068 2364 1313 2420 testibus.
1351 2363 1572 2421 Nemini
1611 2362 1920 2418 delatorum
1959 2359 2093 2416 fides

368 2465 648 2543 abrogata.
694 2467 877 2521 Omne
915 2464 1124 2520 crimen
1165 2484 1268 2538 pro
1317 2461 1537 2537 capitali
1577 2473 1893 2538 receptum,
1927 2462 2093 2516 etiam

366 2585 673 2640 paucorum
690 2558 1133 2639 simpliciumque
1149 2561 1464 2617 verborum.
1478 2559 1775 2636 Objectum
1793 2572 1875 2615 est
1892 2571 2066 2636 poetae
2077 2604 2092 2630 ,

368 2662 518 2738 quod
538 2664 595 2718 in
613 2654 878 2740 tragoedia
901 2663 1371 2739 Agamemnonem
1394 2660 1614 2736 probris
1636 2658 1971 2715 lacessisset:
1992 2659 2092 2714 ob-

362 2762 573 2837 jectum
604 2749 659 2818 et
679 2762 971 2832 historicO,
999 2760 1150 2837 quod
1179 2763 1457 2815 «Brutum
1484 2760 1846 2835 Cassiumque
1871 2758 2093 2815 ultimos

366 2863 744 2917 Romanorum
758 2885 785 2913 >2
810 2860 1028 2916 dixisset
1049 2882 1061 2915 :
1092 2859 1535 2916 animadversum
1565 2871 1648 2915 est
1673 2859 1858 2914 statim
1887 2860 1944 2914 in
1964 2879 2093 2914 auc-

369 2972 539 3033 toreS,
572 2963 883 3038 scriptaque
902 2959 1136 3030 abolita,
1167 2960 1418 3035 quamvis
1440 2959 1813 3034 probarentur
1841 2970 1969 3013 ante
1995 2956 2093 3012 ali-

368 3073 505 3136 quot
536 3081 738 3133 annOS,
770 3061 935 3115 etiam
967 3062 1226 3136 Augusto.
1248 3058 1538 3128 audiente,
1568 3059 1810 3114 recitata.
1844 3057 2091 3130 Quibus-

372 3159 523 3232 dam,
570 3160 828 3217 custodiae
874 3160 1118 3230 traditis,
1158 3179 1271 3212 non
1316 3156 1482 3213 modo
1536 3156 1793 3236 studendi
1837 3154 2090 3213 solatium

370 3259 679 3330 ademtum,
714 3259 809 3316 sed
843 3261 1009 3315 etiam
1051 3258 1318 3313 sermonis
1357 3269 1411 3311 et
1447 3255 1706 3332 colloquii
1740 3275 1885 3311 usus.
1922 3254 2090 3310 Citati
