2372 3918
759 211 826 257 IN
866 210 1179 257 '1²1ssssan
1218 209 1542 255 NERONEM.
1935 207 2029 255 215

344 309 454 356 Cu».
480 307 566 355 xl.
610 308 653 353 T
648 316 812 354 autum
839 323 946 353 non.
972 306 1033 353 H.
1059 322 1101 353 e.
1126 314 1182 352 ut
1204 305 1338 367 apud
1362 308 1555 352 Graecos
1586 313 1703 370 μόνον
1733 314 1797 365 οὐ,
1815 329 1822 336 ·
1838 314 1885 352 et
1911 316 2029 372 μόνον

276 393 385 450 οὐχί,
407 384 468 434 de
493 401 590 447 qua
619 383 867 432 locutione
889 383 949 431 cf.
976 382 1171 431 doctiss.
1196 385 1466 443 Bunuour,
1493 383 1551 429 G.
1571 400 1669 445 gn,
1696 398 1746 446 p.
1782 382 1893 447 ²95·

340 474 450 521 Die.
475 474 595 521 Seu.
609 474 661 520 in
691 472 964 521 ordinando
987 471 1113 537 quid
1143 460 1342 536 singulis
1365 470 1464 519 diei
1484 470 1619 519 horis
1640 479 1818 534 ageret.
1844 474 1917 519 Ita
1939 475 2029 521 Se-

274 566 378 599 nec.
415 552 486 597 ad
505 553 703 613 Polyb„
736 567 833 599 xxv
875 566 888 598 z
934 570 961 595 α
984 552 1098 599 Non
1131 550 1244 599 lieet
1277 549 1366 598 tibi
1395 558 1485 597 tuo
1528 550 1730 597 arbitrio
1763 550 1894 597 diem
1928 551 2032 598 dis-

276 644 476 691 ponere.
504 621 525 671 i»

338 706 711 769 Repudiumque.
762 707 917 754 Intell.
955 704 1171 752 libellum
1226 721 1329 769 quo
1377 706 1565 768 repudii
1607 722 1758 754 causae
1811 706 2033 753 contine-

271 783 463 831 bantur.

345 860 514 922 Officii
538 862 689 907 duxit.
714 860 841 908 H.·e.
870 862 1060 924 putavit
1090 877 1232 908 suum
1261 878 1359 910 esse
1386 861 1618 910 officium.

342 949 677 996 Cot-roboratis.
702 953 912 1013 Nempe,
935 950 1206 1013 pubertatis
1228 967 1382 999 annos
1411 950 1626 1016 egressis.

338 1039 449 1086 Cn.
499 1040 614 1085 ΧΠ.
653 1039 875 1102 Legatus.
914 1039 1211 1087 Jamdudum
1249 1057 1354 1087 mos
1377 1040 1672 1099 invaluerat,
1707 1048 1763 1086 ut
1798 1040 2036 1104 legatione

272 1116 568 1163 donarentur
591 1116 677 1180 qui
701 1117 845 1165 etiam
866 1133 1061 1166 suarum
1082 1134 1184 1165 non
1207 1118 1512 1180 publicarum
1535 1133 1863 1166 rerumeausa
1887 1118 2036 1165 abiis-

270 1203 387 1242 sent.
415 1195 487 1241 Cf.
511 1196 616 1242 C1c.
641 1197 712 1241 ad
738 1198 902 1253 Fam„
919 1213 952 1243 x
979 1214 992 1244 ε
1018 1199 1216 1257 «Quum
1243 1195 1294 1242 in
1318 1196 1391 1243 his
1417 1184 1647 1260 angustiis
1668 1213 1908 1255 versarer,
1929 1199 2036 1259 pla-

271 1270 419 1317 citum
444 1281 514 1317 est
538 1271 683 1332 mihi,
706 1282 778 1332 ut·
796 1276 1093 1336 postularem
1124 1274 1415 1338 legationem
1441 1274 1642 1321 liberam
1670 1274 1788 1320 mihi
1810 1274 2035 1337 reliquis-

272 1365 367 1411 que
393 1349 598 1409 nostris,
627 1359 682 1396 ut
705 1351 865 1414 aliqua
898 1368 1038 1400 causa
1073 1351 1415 1414 proficiscendi
1441 1354 1642 1399 honesta
1666 1362 1976 1415 quaereretur.
2008 1374 2033 1396 n

339 1438 571 1485 Rhodum.
597 1441 750 1500 Vell.‚
777 1458 818 1487 11
834 1476 850 1501 ,
873 1458 937 1504 99
967 1459 980 1488 t
1005 1462 1026 1484 a
1043 1443 1171 1490 Illud
1195 1442 1339 1490 etiam
1366 1443 1417 1489 in
1439 1443 1534 1488 hoc
1557 1451 1835 1489 transcursu
1859 1443 2031 1488 dicen-

275 1516 390 1562 dum
430 1526 527 1578 est,
562 1516 630 1564 ita
662 1526 841 1580 septem
867 1535 1018 1567 annos
1054 1520 1217 1568 Rhodi
1247 1530 1513 1579 moratum,
1539 1529 1594 1566 ut
1631 1536 1796 1566 omnes
1822 1520 1907 1582 qui
1944 1538 2037 1583 pro

246 1602 253 1607 ⁴
272 1596 547 1642 consulibus
570 1596 810 1660 legatique
833 1600 884 1644 in
909 1599 1246 1646 transmarinas
1285 1598 1493 1661 profecti
1530 1598 1827 1661 provincias,
1849 1599 2036 1645 visendi

271 1671 374 1732 ejus
419 1673 569 1735 gratia
603 1674 666 1720 ad
696 1690 805 1721 eum
840 1676 1081 1723 venissent
1103 1713 1116 1736 ‚
1154 1692 1341 1740 semper
1378 1677 1571 1739 privato
1600 1677 1669 1739 (si
1703 1676 1784 1723 illa
1821 1677 2037 1737 majestas

271 1748 462 1811 privata
484 1768 701 1814 unquam
724 1751 835 1818 fuit)
857 1753 1006 1801 fasces
1029 1770 1142 1802 suos
1165 1754 1508 1814 summiserint,
1539 1754 1748 1818 fassique
1770 1754 1863 1800 sint
1885 1756 2036 1800 otiurn

272 1826 376 1887 ejus
405 1829 692 1878 honoratius
716 1830 919 1894 imperio
944 1848 1048 1880 suo,
1078 1854 1097 1874 υ

339 1920 413 1965 Μ.
436 1921 597 1969 Lollii.
625 1922 699 1967 De
731 1937 833 1984 quo
865 1921 1013 1980 Plin.,
1051 1924 1106 1967 H.
1133 1922 1222 1981 N„
1245 1937 1325 1979 1x‚
1349 1921 1412 1968 35
1443 1939 1455 1968 ε
1491 1944 1510 1964 α
1532 1920 1624 1969 Hic
1651 1930 1722 1967 est
1759 1921 2037 1983 rapinarum

270 1995 455 2057 exitus3
487 1998 583 2046 hoc
619 1998 737 2057 fuit,
770 2015 922 2061 quare
953 1991 1020 2046 M.
1055 2000 1240 2046 Lollius
1269 2000 1527 2047 infamatus
1552 2014 1722 2062 regum
1758 2000 2038 2047 muneribus

268 2072 320 2119 in
342 2083 448 2124 toto
478 2076 705 2135 Oriente,
740 2076 997 2124 interdicta
1021 2077 1228 2124 amicitia
1255 2094 1283 2124 a
1317 2077 1433 2126 Caio
1467 2079 1649 2126 Caesare
1671 2078 1880 2139 Augusti
1906 2078 2007 2125 filio
2024 2116 2036 2136 ‚

271 2165 511 2198 venenum
534 2152 737 2199 biberet.
765 2173 786 2197 n

344 2241 572 2302 Beneficii
598 2243 684 2308 sui.
715 2244 850 2302 Quos
883 2241 986 2305 ipse
1019 2258 1103 2290 suo
1127 2243 1352 2306 beneficio
1382 2242 1445 2291 ad
1469 2245 1590 2291 illud
1631 2262 1805 2293 munus
1836 2262 2037 2308 promo-

271 2326 419 2364 verat.

343 2398 455 2443 Cu.
480 2398 620 2444 XIII.
647 2398 859 2443 Pallium
879 2407 928 2445 et
943 2400 1181 2463 crepidas.
1211 2401 1249 2446 Ι.
1271 2415 1312 2446 e.
1338 2415 1543 2463 graecum
1567 2401 1784 2448 habitum
1806 2401 2007 2463 sumpsit
2025 2438 2036 2459 ‚

274 2474 479 2520 docente
504 2476 572 2521 Cl.
602 2477 746 2521 Hase.

340 2553 705 2600 Nemansenses.
733 2553 828 2600 Scil
851 2554 1104 2615 Nemausi,
1135 2553 1298 2601 Galliae
1333 2555 1662 2604 Narbonensis
1695 2556 1830 2605 urbis
1853 2558 2033 2603 incolae.

281 2630 487 2691 Gallice,
516 2641 571 2677 ut
604 2632 816 2679 creditur
842 2648 854 2678 τ
883 2635 953 2679 les
977 2633 1205 2679 habitans
1229 2636 1289 2679 de
1318 2634 1494 2680 Nimes.

351 2707 552 2767 Majon's
559 2710 673 2770 filii.
699 2711 884 2772 Nempe
911 2712 964 2758 C.
990 2711 1198 2760 Caesaris.

343 2788 413 2832 M.
440 2789 597 2834 Lollio
613 2788 852 2848 offensior.
870 2790 978 2836 Scil.
1005 2790 1107 2850 ejus
1130 2789 1381 2836 fraudibus
1404 2790 1496 2836 sibi
1523 2805 1550 2835 a
1578 2791 1778 2837 Phraate
1800 2790 2035 2838 indicatis.

275 2865 343 2910 Cf.
372 2866 546 2923 Vna„
572 2883 637 2924 11,
668 2882 783 2925 102,
813 2863 869 2913 et
891 2869 1056 2925 Pam,
1090 2854 1236 2912 HJN.
1255 2901 1268 2922 ‚
1296 2883 1370 2925 lx,
1396 2867 1474 2914 35.

343 2964 455 3008 Cu».
493 2964 625 3009 XIV.
663 2967 795 3010 Aroe.
832 2964 929 3011 Has
963 2963 1128 3027 posuit
1165 2964 1431 3025 Antonius,
1470 2966 1676 3013 docente
1711 2965 1898 3024 Dione,
1939 2981 2035 3024 uv,

272 3053 321 3100 p-
350 3039 444 3086 526
479 3057 488 3084 ἔ
524 3047 611 3091 Καὶ
638 3045 724 3096 ἤδη
763 3064 811 3107 γι
845 3049 918 3093 καὶ
947 3049 1040 3109 περὶ
1079 3056 1152 3100 τῆς
1184 3051 1408 3109 μοναρχίας
1443 3052 1607 3104 ίνινόιι,
1643 3047 1790 3098 ἐπειδὴ
1817 3049 1914 3108 πρὸς
1947 3051 2039 3099 τοὺς

273 3124 497 3174 Φιλίππους
519 3126 631 3184 αὐτῷ
659 3127 973 3184 προσιλαυνόντι
995 3131 1074 3185 πῦρ
1100 3128 1144 3171 lx
1167 3133 1247 3171 τῶν
1273 3125 1411 3187 Εομῶν
1450 3134 1531 3172 τῶν
1564 3130 1643 3173 ὑπὸ
1671 3133 1742 3171 τοῦ
1764 3120 1968 3172 Avi-minu
1994 3131 2032 3170 iv

274 3207 331 3257 τῷ
362 3203 619 3260 ταφρεύματι
649 3198 887 3260 ἱδρυθέντων
920 3205 1153 3263 αὐτόματον
1182 3206 1405 3263 ἀνέλαμψε.

343 3281 570 3344 Geryonis
594 3285 847 3329 oraculum.
878 3286 950 3331 De
982 3286 1075 3332 hoc
1099 3286 1217 3332 nihil
1249 3295 1561 3349 compertum.
