2372 3918
1033 251 1214 296 NERO.
1871 256 1962 311 249

283 355 600 433 applicaret;
630 320 918 433 multisque
945 353 1027 409 vel
1062 354 1352 410 amicitiam
1377 373 1529 409 suam
1558 354 1848 428 obtulerit,
1880 357 1962 413 vel

284 455 611 514 simultatem
646 455 927 526 indixerit,
957 465 1122 531 prout
1153 454 1379 530 quisque
1406 473 1461 508 se
1486 453 1656 529 magis
1684 457 1963 530 parciusve

281 554 562 624 laudasset.

357 658 556 713 XXVI.
591 653 974 724 petulantiam,
1000 652 1275 709 libidinem
1294 695 1310 724 ,
1333 652 1601 710 luxuriam
1619 696 1635 725 ,
1659 654 1965 725 avaritiam,

280 754 649 812 crudelitatem
667 797 683 823 ‚
708 756 906 811 sensim
937 754 1151 830 quidem
1181 754 1358 832 primo
1387 766 1441 811 et
1460 751 1699 825 occulte,
1731 766 1785 809 et
1816 752 1967 810 velut

276 854 501 929 juvenili
538 873 746 923 errore,
780 855 1017 910 exercuit
1046 875 1059 909 z
1093 853 1200 910 sed‘
1223 866 1284 910 ut
1321 866 1455 910 tunc
1485 873 1703 930 quoque
1740 852 1966 909 dubium

281 954 482 1009 nemini
523 952 692 1023 foret,
726 965 931 1010 naturae
971 950 1062 1009 illa
1103 954 1265 1024 vitia,
1305 973 1416 1009 non
1455 953 1625 1009 aetatis
1664 972 1795 1008 esse.
1838 955 1968 1009 Post

222 1075 225 1078 ·
277 1050 655 1128 crepusculum
696 1053 874 1108 statim
894 1095 909 1123 ,
941 1064 1159 1128 arrepto
1194 1050 1336 1129 pileo
1368 1049 1453 1107 vel
1487 1049 1703 1130 galer0,
1739 1052 1968 1129 popinas

280 1149 483 1221 inibat3
507 1151 817 1228 circumque
845 1152 994 1208 vicos
1023 1151 1322 1229 vagabatur
1347 1149 1679 1206 ludibundus
1697 1194 1713 1223 ,
1737 1171 1837 1208 nec
1855 1152 1969 1207 sine

277 1249 513 1325 pernicie
549 1261 751 1306 tamen.
782 1250 1062 1328 Siquidem
1088 1249 1371 1307 redeuntes
1409 1269 1440 1305 a
1467 1270 1615 1306 coena
1650 1250 1934 1307 verberare
1951 1295 1967 1323 ,

276 1367 338 1403 ac
370 1361 736 1425 repugnantes
767 1349 1052 1406 vulnerare
1069 1392 1085 1422 ,
1118 1348 1420 1425 cloacisque
1446 1349 1755 1426 demergere
1786 1370 1966 1407 assue-

276 1458 359 1503 rat
396 1469 409 1503 ε
454 1448 701 1504 tabernas
742 1450 904 1504 etiam
946 1447 1232 1526 effringere
1280 1461 1335 1504 et
1388 1447 1653 1526 expilare,
1708 1450 1967 1526 quintana

276 1546 423 1602 domi
449 1548 762 1619 constituta,
793 1548 885 1604 ubi
919 1560 1087 1624 partae
1110 1559 1163 1604 et
1191 1547 1260 1603 ad
1288 1545 1641 1603 licitationem
1669 1547 1967 1605 dividendae

277 1644 467 1721 praedae
495 1647 729 1723 pretium
762 1648 1151 1703 absumeretur.
1182 1650 1264 1703 Ac
1291 1667 1430 1724 saepe
1459 1649 1515 1702 in
1545 1646 1809 1722 ejusmodi
1839 1648 1969 1703 rixis

173 1746 179 1756 ’
275 1742 555 1800 oculorum
581 1758 635 1801 et
663 1746 786 1801 vitae
812 1745 1111 1822 periculum
1141 1744 1306 1817 adiit,
1337 1766 1368 1800 a
1402 1745 1640 1821 quodam
1671 1744 1967 1817 laticlavio,

275 1842 428 1919 cujus
480 1864 699 1900 uxorem
751 1856 1157 1913 attrectaverat,
1210 1864 1380 1921 prope
1426 1843 1495 1899 ad
1544 1864 1730 1900 necem
1783 1865 1965 1901 caesus.

275 1941 461 2013 Quare
498 1963 777 2019 nunquam
810 1955 992 2021 postea
1028 1942 1248 2020 publico
1278 1963 1333 1999 se
1368 1941 1503 1999 illud
1531 1943 1683 1999 horae
1720 1944 1834 2000 sine
1869 1945 1967 2000 tri-

274 2041 434 2097 bunis
473 2044 774 2115 commisit,
807 2042 997 2120 procul
1037 2055 1091 2100 et
1124 2043 1332 2100 occulte
1374 2043 1841 2120 subsequentibus,
1882 2047 1970 2100 In-

276 2138 452 2196 terdiu
481 2161 696 2218 quoque
713 2141 852 2214 clam
871 2145 1159 2221 gestatoria
1180 2142 1311 2199 sella
1338 2141 1546 2199 delatus
1579 2144 1635 2198 in
1665 2143 1933 2201 theatrum
1951 2187 1967 2214 ,

274 2238 626 2296 seditionibus
657 2244 1113 2318 pantomimorum
1139 2263 1205 2299 ex
1233 2255 1386 2320 parte
1407 2243 1672 2320 proscenii
1702 2243 1968 2320 superiori

274 2338 497 2416 signifer
530 2340 689 2396 simul
721 2361 782 2397 ac
823 2353 1094 2418 spectator
1124 2340 1325 2398 aderat.
1358 2345 1430 2398 Et
1466 2362 1635 2418 quum
1671 2342 1737 2398 ad
1774 2363 1969 2399 manus

274 2449 496 2494 ventum
524 2451 664 2496 esset
682 2482 696 2510 ,
722 2438 1099 2517 lapidibusque
1126 2452 1179 2496 et
1209 2440 1587 2497 subselliorum
1613 2441 1969 2519 fragminibus

276 2536 667 2610 decerneretur,
712 2538 882 2595 multa
927 2551 981 2595 et
1031 2540 1143 2616 ipse
1194 2540 1323 2616 jecit
1364 2541 1420 2595 in
1464 2539 1760 2617 populum,
1808 2553 1970 2618 atque

276 2637 435 2692 etiam
468 2638 710 2714 praetoris
738 2651 902 2715 caput
931 2639 1315 2695 consauciavit.

354 2717 584 2793 XXVII.
609 2734 875 2792 Paulatim
891 2757 1020 2792 vero
1047 2737 1496 2794 invalescentibus
1513 2740 1655 2796 vitiis
1669 2782 1685 2812 ,
1705 2739 1971 2816 jocularia

278 2848 331 2892 et
359 2834 591 2891 latebras
616 2835 798 2892 omisit
815 2878 830 2908 ,
858 2834 1112 2912 nullaque
1136 2835 1508 2893 dissimulandi
1528 2858 1658 2895 cura
1675 2838 1743 2895 ad
1765 2840 1970 2917 majora

279 2933 455 3012 palam
499 2935 694 3011 erupit.
730 2933 930 3013 Epulas
962 2955 992 2991 a
1023 2933 1201 2992 medio
1239 2935 1325 2992 die
1363 2935 1431 2992 ad
1477 2937 1709 2995 mediam
1754 2950 1969 2995 noctem

279 3034 661 3111 protrahebat,
689 3033 891 3091 refotus
922 3036 1114 3112 saepius
1149 3034 1333 3092 calidis
1362 3036 1607 3112 piscini8‚
1635 3058 1699 3093 ac
1728 3049 1970 3115 tempore

280 3134 462 3189 aestivo
509 3134 704 3190 nivatis
754 3156 764 3190 ε
813 3135 1204 3213 coenitabatque
1250 3157 1640 3212 nonnunquam
1680 3149 1730 3192 et
1780 3138 1833 3193 in
1878 3158 1972 3214 pu-

281 3230 460 3305 blico,
501 3233 838 3291 Naumachia
887 3233 1177 3310 praeclusa,
1226 3234 1305 3292 vel
1357 3236 1557 3292 Martio
1616 3256 1838 3314 campo,
1889 3235 1969 3292 vel
