2372 3918
361 257 419 314 78
807 257 856 301 C.
895 257 1140 303 SUETON
1144 257 1191 303 11
1224 257 1634 304 DOMITIANUS.

358 361 614 416 Domitiae
650 361 858 438 nuptiis
905 362 1338 439 pertinacissime
1385 374 1714 432 recusasset,
1763 383 1874 418 non
1911 362 2085 419 multo

359 473 483 537 post
527 459 618 517 alii
661 459 1018 534 collocatam,
1048 463 1315 541 *corrupit
1366 461 1544 532 ultr0‚
1593 473 1646 518 et
1692 461 1913 539 quidem
1957 464 2083 518 vivo

356 561 521 617 etiam
554 573 672 618 tum
705 562 831 619 Tito
865 584 878 619 :
914 582 1040 619 mox
1073 574 1230 640 patre
1260 582 1324 619 ac
1356 563 1474 618 viro
1505 562 1783 635 orbatam,
1815 562 2088 619 ardentis-

358 661 492 717 sime
517 659 811 739 palamque
834 660 1027 738 dilexit
1045 706 1060 735 ,
1089 674 1152 718 ut
1181 662 1344 719 etiam
1373 683 1537 720 causa
1566 663 1760 719 mortis
1786 664 2090 736 exstiterit,

357 773 558 819 coactae
590 774 921 840 conceptum
948 782 981 818 a
1014 782 1072 819 se
1103 763 1342 841 abigere.

339 930 351 934 ⁴
436 865 646 922 XXIII.
670 864 928 922 Occisum
951 883 1079 920 enm
1101 862 1340 941 populus
1366 863 1766 935 indifferenter,
1793 863 1947 921 miles
1969 886 2093 944 gra-

320 1034 326 1044 .
356 957 574 1022 vissime
606 963 766 1037 tulit,
811 965 1106 1041 statimque
1141 965 1349 1022 Divum
1387 963 1666 1043 appellare
1702 977 1930 1022 conatus
1970 978 2090 1036 est;

355 1076 582 1141 paratus
611 1076 669 1121 et
709 1062 927 1137 ulcisci,
964 1064 1071 1121 nisi
1104 1062 1274 1122 duces
1309 1064 1611 1121 defuissent
1645 1086 1658 1121 ε
1691 1064 1842 1142 quod
1865 1064 2091 1143 quidem

354 1162 521 1242 paulo
558 1176 685 1242 post
728 1164 885 1235 fecit,
919 1163 1277 1242 expostulatis
1310 1164 1380 1221 ad
1408 1185 1626 1243 poenam
1660 1166 2092 1242 pertinacissime

354 1263 517 1320 caedis
551 1264 894 1322 auctoribus,
927 1266 1138 1321 Contra
1169 1278 1397 1321 senatus
1427 1265 1566 1322 adeo
1599 1264 1815 1321 laetatus
1851 1278 1960 1340 est,
1991 1279 2089 1340 ut,

354 1362 564 1442 repleta
590 1365 847 1420 certatim
877 1364 1072 1437 Curia,
1102 1385 1216 1420 non
1246 1377 1605 1443 temperaret,
1637 1365 1773 1441 quin
1805 1377 2090 1422 mortuum

355 1463 911 1521 contumeliosissimo
940 1476 1106 1541 atque
1133 1465 1480 1522 acerbissimo
1509 1463 1966 1522 acclamationum
1998 1486 2091 1543 ge-

355 1585 487 1621 nere
515 1564 783 1622 laceraret
811 1586 824 1622 τ
859 1564 1032 1622 scalas
1062 1565 1227 1621 etiam
1263 1564 1487 1638 inferri,
1510 1564 1839 1643 clypeosque
1873 1578 1928 1621 et
1956 1565 2093 1622 ima-

354 1665 509 1743 gines
539 1666 663 1743 ejus
694 1685 881 1723 coram
919 1665 1158 1739 detrahi,
1183 1678 1241 1722 et
1275 1664 1479 1722 ibidem
1511 1664 1628 1722 solo
1651 1664 1825 1744 affligi
1840 1665 2090 1742 juberet3

356 1765 678 1837 novissime,
706 1765 1014 1822 eradendos
1039 1766 1246 1843 ubique
1269 1765 1457 1823 titulos
1472 1809 1488 1839 ,
1514 1765 1955 1843 abolendamque
1975 1787 2098 1854 oin-v

356 1887 481 1922 nem
506 1866 829 1923 memoriam
858 1865 1200 1923 decerneret.
1233 1871 1379 1923 Ante
1411 1887 1613 1944 paucos
1631 1909 1647 1939 ‚
1678 1887 1845 1944 quam
1879 1866 2086 1922 occide-

353 1978 526 2039 retur,
580 1986 823 2039 menseS,
875 1966 1067 2023 cornix
1117 1967 1174 2022 in
1208 1965 1486 2044 Capitolio
1524 1966 1742 2024 elocuta
1775 1980 1886 2039 est,
1932 1959 2082 2024 ’ἔσται

354 2063 524 2125 πάντα
561 2065 752 2133 καλῶς.
793 2069 911 2127 Nec
944 2067 1150 2138 defuit,
1186 2068 1282 2144 qui
1320 2080 1596 2125 ostentum
1630 2067 1707 2124 sic
1757 2045 2095 2145 interpretii-³

353 2180 508 2225 retur
540 2190 553 2226 :

546 2310 711 2372 Nuper
736 2311 943 2373 Tarpeio
976 2327 1078 2372 quae
1104 2290 1227 2357 sedit
1250 2310 1452 2357 culmine
1482 2311 1677 2367 cornix,

617 2389 712 2433 Est
738 2389 878 2446 bene,
908 2405 1008 2435 non
1040 2389 1198 2451 potuit
1228 2388 1386 2435 dicere
1413 2405 1425 2434 t
1450 2388 1597 2446 dixit,
1630 2390 1746 2434 Erit.

351 2515 540 2591 Ipsum
561 2515 722 2570 etiam
746 2515 1129 2572 Domitianum
1151 2514 1337 2572 ferunt
1361 2515 1683 2586 somniasse,
1710 2514 1932 2595 gibbam
1957 2515 2080 2586 sibi,

352 2635 496 2691 pone
526 2616 820 2687 cervicem,
848 2636 1073 2672 auream
1098 2627 1345 2689 enatam,
1376 2636 1479 2693 pro
1507 2627 1769 2691 certoque
1799 2615 2081 2686 habuisse,

352 2716 654 2771 beatiorem
685 2728 809 2792 post
836 2736 892 2772 se
922 2714 1300 2794 laetioremque
1322 2715 1582 2795 portendi
1615 2714 1932 2793 reipublicae
1965 2728 2079 2772 sta-

353 2827 487 2871 tum.
517 2816 672 2871 Sicut
694 2835 826 2872 sane
851 2816 1005 2873 brevi
1033 2817 1240 2888 evenit,
1265 2816 1590 2875 abstinentia
1619 2828 1672 2872 et
1696 2815 2078 2872 moderatione

352 2917 759 2995 insequentium
799 2917 1129 2995 principum.
1599 2911 1601 2914 ¹
