2372 3918
1008 243 1186 294 NERO.
1850 243 1908 291 25
1918 261 1936 291 ι

264 350 392 420 tuit,
410 361 496 421 ut,
521 346 898 406 contaminatis
917 364 1068 424 paene
1087 344 1338 400 omnibus
1358 344 1636 416 membris,
1655 348 1942 405 novissime

260 450 414 525 quasi
439 469 607 527 genus
642 446 788 504 lusus
815 445 1174 522 excogitaret,
1207 464 1316 520 quo
1343 442 1465 500 ferae
1497 443 1635 521 pelle
1664 460 1942 504 contectus

259 549 592 606 emitteretur
621 567 652 603 e
683 564 876 616 eavea,
907 545 1256 620 virorumque
1281 563 1344 600 ae
1375 542 1697 600 feminarum
1731 546 1801 602 ad
1847 549 1943 603 sti-

262 647 428 723 pitem
460 645 815 724 deligatorum
848 643 1075 722 inguina
1108 643 1421 715 invaderet3
1450 654 1504 700 et
1536 664 1703 720 quum
1736 645 1941 702 affatim

259 746 555 804 desaevisset
570 787 586 818 ,
613 743 967 800 conficeretur
992 762 1025 799 a
1048 743 1376 820 Doryphoro
1393 741 1622 799 liberto:
1648 744 1736 800 cui
1753 745 1912 799 etiam
1927 787 1942 813 ,

261 847 397 902 sicut
439 846 538 923 ipsi
580 844 926 921 Sporus‚.ita
962 843 1075 920 ipse
1114 842 1400 921 denupsit,
1438 863 1595 899 voees
1634 863 1852 920 quoque
1890 856 1945 899 et

258 943 485 1022 ejulatus
512 944 621 999 vim
648 942 968 1020 patientium
987 943 1258 1020 virginum
1285 943 1539 999 imitatus.
1558 945 1640 999 Ex
1668 942 1945 1000 nonnullis

257 1043 494 1120 comperi
509 1085 526 1115 ,
556 1042 1018 1119 persuasissimum
1043 1042 1291 1098 habuisse
1318 1061 1470 1113 eum,
1490 1043 1758 1098 neminem
1778 1043 1946 1099 homi·

258 1162 384 1198 nem
414 1141 670 1219 pudicum
688 1184 704 1214 ,
736 1154 831 1199 aut
862 1140 968 1198 ulla
1000 1143 1242 1218 corporis
1276 1154 1428 1219 parte
1457 1161 1656 1218 purum
1683 1162 1828 1214 esse3
1857 1163 1946 1198 ve-

258 1263 380 1299 rum
409 1241 693 1319 plerosque
720 1241 1059 1299 dissimulare
1090 1241 1279 1298 vitium
1297 1285 1312 1311 ,
1346 1254 1402 1298 et
1427 1240 1618 1298 callide
1643 1242 1896 1320 obtegere
1929 1263 1943 1297 :
1982 1306 1988 1311 ,

257 1341 486 1417 ideoque
518 1342 770 1419 professis
810 1341 956 1419 apud
992 1362 1047 1398 se
1086 1342 1491 1398 obscoenitatem
1522 1353 1699 1397 cetera
1729 1361 1946 1419 quoque

257 1442 575 1498 concessisse
607 1440 816 1498 delicta.
1354 1448 1362 1455 “

336 1542 507 1597 XXX.
538 1542 862 1598 Divitiarum
891 1554 946 1598 et
976 1543 1219 1620 pecuniae
1244 1542 1479 1598 fructum
1511 1562 1621 1599 non
1647 1540 1814 1598 alium
1842 1560 1947 1618 pu-

259 1640 441 1712 tabat,
473 1660 635 1717 quam
677 1641 1043 1718 profusionem
1077 1663 1091 1697 z
1122 1640 1368 1698 sordidos
1407 1662 1471 1698 ac
1505 1641 1768 1718 deparcos
1798 1661 1915 1697 esse
1932 1684 1948 1713 ,

258 1740 453 1815 quibus
485 1741 846 1817 impensarum
880 1742 1021 1797 ratio
1056 1753 1353 1812 constaret3
1383 1740 1669 1818 praelautos
1714 1761 1947 1817 vereque

256 1838 593 1917 magnificOS,
625 1840 718 1915 qui
741 1839 1095 1896 abuterentur
1123 1860 1186 1896 ac
1214 1839 1518 1917 perderent.
1547 1840 1831 1897 Laudabat
1855 1841 1952 1895 mi·

255 1940 583 2017 rabaturque
599 1940 927 1997 avunculum
945 1943 1139 1997 Caium
1157 1940 1306 1997 nullo
1323 1942 1494 2019 magis
1515 1942 1734 1996 nomine
1748 1982 1764 2012 ,
1787 1961 1950 2017 quam

257 2040 407 2117 quod
449 2041 691 2118 ingentes
738 2061 769 2097 a
809 2041 1026 2097 Tiberio
1064 2040 1275 2098 relictas
1316 2061 1445 2119 opes
1485 2043 1542 2097 in
1586 2041 1737 2097 brevi
1776 2042 1953 2118 spatio

261 2139 609 2218 prodegisset.
632 2142 819 2213 Quare
842 2161 942 2197 nec
970 2140 1235 2219 largiendi
1261 2162 1361 2198 nec
1381 2140 1696 2197 absumendi
1725 2139 1952 2197 modum

263 2240 452 2295 tenuit.
482 2242 547 2295 In
580 2238 886 2309 Tiridaten,
921 2241 1069 2316 quod
1100 2242 1187 2296 vix
1213 2240 1469 2297 credibile
1498 2240 1763 2312 videatur,
1782 2242 1955 2297 octin-

262 2358 397 2415 gena
423 2358 706 2394 nummum
732 2337 900 2395 millia
927 2339 1120 2396 diurna
1145 2342 1413 2415 erogavit,
1435 2340 1763 2416 abeuntique
1794 2359 1956 2415 super

261 2439 565 2494 sestertium
594 2436 785 2494 millies
823 2438 1066 2495 contulit.
1114 2443 1460 2496 Menecraten
1510 2437 1865 2495 citharoedum
1900 2450 1957 2493 et

261 2535 545 2614 Spiculum.
569 2537 949 2595 mirmillonem
980 2538 1388 2616 triumphalium
1421 2538 1955 2614 virorumfpatrimo-

264 2636 367 2692 niis
429 2635 737 2713 aedibusque
799 2637 1038 2695 donavit.
1094 2639 1543 2716 cercopithecum
1598 2640 1914 2693 Panerotem
1940 2678 1956 2704 ‚

263 2735 651 2806 feneratorem,
693 2748 747 2792 et
792 2738 1014 2794 urbanis
1052 2739 1373 2815 rusticisque
1411 2738 1625 2815 praediis
1660 2735 1958 2813 locupleta-

264 2848 410 2907 tum,
454 2857 622 2914 prope
675 2838 825 2914 regio
871 2836 1063 2894 extulit
1109 2838 1315 2895 funere.
1356 2836 1574 2894 Nullam
1619 2848 1822 2893 vestem
1873 2835 1955 2890 bis

266 2936 458 2993 induit.
493 2936 895 3016 Quadringenis
928 2939 983 2994 in
1026 2949 1288 3015 punctum
1322 2938 1573 2993 sestertiis
1603 2935 1771 2993 aleam
1814 2934 1956 2990 lusit.

269 3038 508 3092 Piscatus
524 3049 603 3093 est
627 3049 739 3094 rete
761 3051 977 3111 aurato,
1001 3059 1242 3117 purpura
1259 3056 1529 3114 coccoque
1547 3036 1765 3091 funibus
1789 3034 1957 3090 nexis.

269 3137 564 3213 Nunquam
619 3138 797 3194 minus
851 3137 996 3195 mille
1045 3139 1281 3196 carrucis
1325 3138 1509 3193 fecisse
1558 3138 1658 3191 iter
1710 3133 1958 3202 traditur,

269 3234 423 3292 soleis
462 3233 732 3294 mularum
772 3239 1066 3316 argenteis,
1099 3239 1428 3295 canusinatis
1476 3235 1837 3303 mulionibus,
1877 3252 1959 3288 ar-
