2372 3918
941 303 1271 350 CALIGULA.
1876 329 1890 358 ι
1902 313 1930 359 8
1941 332 1955 359 ι

255 410 363 484 laS,
393 412 487 489 qui
521 411 804 468 universos
833 408 1295 467 contrucidarent.
1324 410 1514 483 Quum
1541 412 1774 494 discerpi
1809 438 1964 476 sena-

256 524 430 567 torem
448 510 788 588 concupisset
800 550 816 581 ,
835 508 1181 582 subornavit,
1195 510 1291 587 qui
1307 509 1709 588 ingredientem
1727 518 1961 591 curiam,

252 624 478 690 repente
509 611 716 667 hostem
745 608 1029 687 publicum
1055 609 1420 688 appellantes,
1450 611 1805 688 invaderent,
1835 639 1962 695 gra-

251 713 500 789 phiisque
529 710 838 768 confossum
859 754 874 783 ,
907 708 1256 767 lacerandum
1290 714 1485 769 ceteris
1516 712 1813 772 traderent.
1840 718 1962 775 Nec

248 827 376 870 ante
403 815 626 871 satiatus
652 825 764 883 est,
795 833 959 890 quam
993 813 1239 869 membra
1272 824 1327 868 et
1357 825 1510 869 artus
1539 826 1594 870 et
1622 797 1831 873 riscera
1859 817 1957 873 ho-

248 914 408 971 minis
428 905 609 971 tracta
636 934 733 991 per
764 914 943 986 vicoS,
975 925 1140 989 atque
1175 925 1302 969 ante
1333 933 1389 969 se
1419 927 1679 991 congesta
1715 915 1954 974 vidisset.

325 1016 528 1071 XXIX.
563 1014 960 1070 Immanissima
994 1014 1133 1070 facta
1167 1016 1404 1092 augebat
1437 1016 1724 1072 atrocitate
1756 1018 1957 1074 verbo-

244 1135 384 1171 rum.
407 1139 434 1168 «
453 1113 604 1173 Nihil
627 1116 798 1193 magis
822 1117 877 1170 iu
897 1127 1097 1171 natura
1121 1135 1218 1171 sua
1240 1114 1464 1171 laudare
1487 1137 1544 1172 se
1564 1137 1627 1172 ac
1650 1117 1911 1194 probare,
1930 1145 1955 1171 »

243 1215 483 1288 dicebat,
515 1240 542 1268 ε(
562 1236 755 1292 quam,
780 1241 806 1269 »
839 1228 902 1272 ut
931 1216 1103 1294 ipsius
1133 1216 1300 1272 verbo
1327 1227 1470 1283 utar,
1497 1241 1524 1269 «
1546 1215 1908 1298 ἀΣιατρεψίαν.
1932 1245 1957 1271 »

243 1317 495 1373 Monenti
526 1316 776 1373 Antoniae
806 1317 966 1388 aviae,
996 1328 1258 1394 tanquam
1292 1338 1487 1394 parum
1516 1330 1653 1373 esset
1683 1340 1794 1374 non
1824 1320 1954 1375 obe-

241 1417 389 1489 dire,
413 1442 438 1469 α
459 1419 740 1474 Memento
759 1460 773 1489 ‚
807 1418 912 1487 ait,
949 1417 1135 1472 omnia
1170 1417 1303 1472 mihi
1336 1429 1390 1473 et
1420 1417 1474 1472 in
1506 1439 1695 1474 omnes
1725 1416 1903 1474 licere.
1929 1444 1954 1470 »

241 1517 633 1575 Trucidaturus
666 1516 921 1587 fratrem,
962 1538 1124 1593 quem
1164 1529 1311 1572 metu
1352 1538 1686 1574 venenorum
1721 1540 1955 1595 praemu-

243 1618 347 1672 uiri
389 1617 793 1673 medicamentis
834 1617 1237 1694 suspicabatur,
1275 1642 1301 1669 «
1331 1617 1689 1689 Antidotum,
1733 1619 1951 1695 inquit,

238 1716 494 1773 adversus
538 1716 844 1772 Caesarem?
871 1741 897 1768 »
936 1715 1212 1793 Relegatis
1256 1718 1568 1789 sororibuS,
1614 1739 1724 1773 non
1769 1717 1949 1774 solum

238 1815 438 1872 insulas
468 1817 668 1872 habere
697 1837 782 1886 se,
810 1815 906 1871 sed
935 1816 1096 1871 etiam
1125 1814 1362 1891 gladios,
1391 1817 1720 1872 minabatur.
1748 1821 1952 1874 Praeto-

235 1919 379 1974 rium
401 1918 581 1973 virum
603 1938 667 1973 ex
688 1937 897 1972 secessu
920 1917 1219 1993 Anticyrae,
1245 1937 1408 1992 quam
1434 1915 1762 1974 valetudinis
1786 1938 1949 1975 causa

237 2019 496 2094 petierat,
533 2018 825 2096 propagari
866 2017 968 2073 sibi
1001 2029 1369 2072 commeatum
1404 2018 1598 2094 saepius
1632 2017 1944 2075 desideran-

234 2131 376 2191 tem,
405 2139 578 2194 quum
606 2117 913 2174 mandasset
946 2118 1184 2173 interimi
1203 2162 1218 2191 ,
1250 2117 1446 2194 adjecit
1477 2140 1489 2173 :
1524 2119 1944 2176 «Necessariam

234 2240 348 2275 esse
368 2220 648 2296 sanguinis
666 2218 1002 2288 missionem,
1023 2219 1110 2275 cui
1132 2231 1244 2274 tam
1263 2217 1357 2273 diu
1381 2239 1491 2274 non
1517 2218 1798 2295 prodesset
1821 2219 1948 2275 elle-

232 2320 445 2376 borum.
472 2344 499 2371 »
531 2320 760 2375 Decimo
799 2338 1019 2395 quoque
1057 2318 1174 2388 die,
1208 2339 1499 2375 numerum
1537 2319 1947 2395 puniendorum

232 2440 297 2475 ex
322 2419 568 2475 custodia
600 2418 978 2490 subscribens,
1008 2444 1034 2471 «
1056 2419 1347 2475 Rationem
1378 2439 1435 2475 se
1465 2440 1728 2497 purgare,
1750 2444 1777 2472 2>
1803 2419 1949 2476 dice-

240 2520 349 2575 bat.
374 2518 555 2576 Gallis
571 2520 886 2596 Graecisque
901 2517 1115 2596 aliquot
1132 2539 1245 2574 uno
1272 2531 1516 2596 tempore
1538 2519 1943 2592 condemnatiS,

233 2619 586 2696 gloriabatur,
614 2645 640 2673 «
665 2619 1081 2698 Gallograeciam
1113 2640 1228 2676 sese
1259 2620 1553 2697 subegisse.
1581 2644 1607 2671 »

310 2722 487 2776 XXX.
519 2722 649 2779 Non
676 2733 878 2776 temere
904 2722 959 2776 in
987 2741 1319 2797 quemquam
1338 2763 1353 2788 ‚
1390 2721 1494 2777 nisi
1529 2718 1734 2777 crebris
1766 2733 1821 2777 et
1848 2723 1948 2777 ini-

232 2820 378 2875 nutis
416 2819 612 2875 ictibus
639 2819 1000 2875 animadverti
1030 2840 1220 2896 passus
1253 2832 1337 2876 est
1363 2841 1374 2875 :
1404 2832 1669 2897 perpetuo
1701 2833 1949 2898 notoque

226 2920 338 2994 jam
367 2931 666 2996 praeceptO,
691 2942 718 2971 «
736 2921 820 2975 Ita
849 2918 972 2988 feri,
1001 2930 1059 2974 ut
1084 2939 1140 2975 se
1166 2921 1306 2975 mori
1336 2920 1551 2976 sentiat.
1571 2943 1598 2972 1>
1624 2921 1827 2977 Punito
1852 2940 1949 2997 per

230 3039 470 3075 errorem
500 3019 738 3075 nominis
763 3017 899 3090 alio,
927 3040 1094 3096 quam
1128 3039 1292 3095 quem
1320 3018 1726 3092 destinaverat,
1764 3021 1944 3097 ipsum

155 3118 167 3132 ⁸
230 3138 447 3196 quoque
495 3120 643 3196 paria
692 3121 954 3176 meruisse
994 3119 1145 3175 dixit.
1188 3121 1485 3198 Tragicum
1533 3117 1669 3175 illud
1713 3117 1949 3174 subinde

225 3221 496 3296 jactabat,
536 3220 797 3286 Oderint,
833 3221 965 3278 dum
999 3233 1263 3278 metuant.
1299 3224 1451 3299 Saepe
1481 3222 1534 3276 in
1574 3233 1804 3276 cunctos
1845 3240 1943 3298 pa·

231 3321 361 3377 riter
391 3334 692 3393 senat01·e5,
724 3332 781 3377 ut
813 3322 992 3397 Sejani
1025 3321 1279 3393 clientcS,
1309 3336 1365 3378 ut
1400 3324 1586 3379 matris
1614 3343 1675 3377 ac
1703 3321 1938 3377 fratrum
