2404 3984
969 523 1333 668 INDEXv

449 886 1078 962 ·EDITIONUM
1132 888 1213 960 C.
1276 888 1804 964 SUETONII*.

290 1621 428 1674 1470.
465 1616 628 1663 Editio
669 1618 919 1679 Princeps,
964 1632 1025 1663 ex
1060 1615 1389 1677 recognitione
1429 1617 1504 1661 Jo.
1542 1617 1716 1661 Anton.
1757 1613 2028 1676 Campanii.

536 1695 715 1741 Romae.

473 1771 658 1818 Eodem
687 1786 839 1832 anno,
871 1771 1037 1816 Romae
1065 1768 1251 1832 prodiit
1281 1769 1454 1816 iterum
1468 1806 1483 1830 ,
1515 1769 1600 1816 sed
1625 1784 1684 1816 ex
1718 1767 1907 1816 diverso
1941 1783 2032 1813 co-

535 1849 641 1896 dice
664 1849 913 1911 descripta.

293 1944 433 1997 1471.
469 1939 690 1986 Suetonii
719 1920 842 1986 Vitae
867 1954 945 1986 111
978 1939 1228 1987 Caesarum.
1256 1937 1486 1985 Venetiis.

293 2022 433 2074 1472.
472 2020 524 2065 C.
553 2017 812 2064 Suetonius
841 2017 1154 2080 Tranquillus
1177 2016 1238 2083 de
1265 2033 1342 2063 xn
1377 2014 1654 2064 Caesaribus.
1687 2016 1867 2062 Romae.

294 2099 434 2154 1474.
471 2095 728 2142 Suetonius
772 2094 833 2142 de
878 2093 1207 2158 Grammaticis
1254 2103 1301 2140 et
1338 2092 1635 2144 Rhetoribus
1669 2108 1730 2139 ex
1759 2090 2035 2140 recensione

540 2173 778 2219 Iohannis
804 2173 979 2219 Aloisii
1006 2173 1222 2219 Tuscani.
1256 2172 1485 2219 Venetiis.
1660 2168 1666 2172 ’

296 2258 436 2320 1475.
473 2263 526 2309 C.
551 2262 808 2308 Suetonius
831 2261 1138 2323 Tranquillus
1165 2261 1226 2307 de
1258 2275 1332 2306 xn
1365 2259 1641 2308 Caesaribus.
1674 2256 1955 2305 Mediolani.

322 2366 390 2375 -
477 2339 734 2386 Suetonius
766 2340 827 2386 de
858 2337 1212 2398 Grammaticis3
1245 2338 1371 2386 forte
1401 2339 1566 2384 Romae
1596 2338 1838 2399 impressa.

298 2397 438 2475 1478.
474 2417 525 2463 C.
563 2416 783 2463 Suetonii
811 2415 1081 2478 Tranquilli
1105 2415 1165 2462 de
1188 2415 1518 2462 Grammaticis
1545 2423 1593 2461 et
1610 2412 1906 2461 Rhetorihus
1939 2410 2034 2457 cla-

542 2494 644 2541 riss.
670 2493 937 2541 Florentiae.

301 2580 441 2638 1480.
477 2583 695 2630 Suetonii
727 2582 849 2630 Vitae
871 2584 1129 2642 Caesarum,
1160 2571 1269 2629 cum
1301 2581 1507 2629 Domitii
1528 2580 1776 2628 Calderini
1797 2577 1895 2625 vita
1917 2577 2041 2624 Sue-

548 2660 695 2722 tonii,
718 2661 872 2709 in—fol.
898 2660 1179 2709 Mediolani.

307 2747 446 2804 1488.
484 2750 537 2796 C.
569 2750 787 2796 Suetonii
818 2749 1090 2813 Tranquilli
1113 2750 1174 2797 de
1188 2748 1301 2796 Vita
1331 2764 1410 2795 xu
1444 2748 1705 2807 Caesarum,
1725 2761 1835 2792 cum
1864 2743 2048 2805 Philip.

482 2816 484 2818 ⁵
553 2827 788 2873 Bemaldi
811 2826 910 2873 vita
936 2828 1177 2887 Suetonii,
1201 2827 1356 2874 in-fol.
1382 2826 1625 2873 Bononiae.

309 2902 447 2966 1489.
485 2903 764 2962 Suetonius,
810 2905 921 2950 cu'm
958 2905 1288 2965 Scriptoribus
1325 2903 1546 2951 Historiae
1577 2906 1804 2967 Augustae
1823 2938 1838 2963 ,
1879 2900 2045 2947 iri-fol.

554 2980 779 3027 venetiis.

309 3062 447 3119 1490.
484 3059 536 3104 C.
571 3058 840 3120 Tranquilli
864 3057 1084 3105 Suetonii
1106 3057 1226 3103 Vitae
1248 3073 1324 3105 xu
1349 3056 1722 3119 imperatorum,
1750 3072 1863 3106 cum
1895 3058 2051 3102 Anto-

488 3136 558 3180 nii
578 3134 806 3182 Sabellici
826 3145 1134 3183 commentar.
1166 3135 1328 3182 In·fol.
1354 3134 1580 3181 Venetiis.

373 3327 393 3347 '
422 3330 482 3369 Ex
504 3326 675 3370 Fabricii
701 3326 951 3370 Bibliotheca
976 3326 1132 3379 latina,
1160 3342 1184 3371 a
1209 3331 1275 3371 Jo.
1300 3330 1403 3383 Aug.
1431 3327 1586 3369 Ernesti
1612 3333 1737 3369 aucta.
