<?xml version="1.0" encoding="UTF-8"?>
<!DOCTYPE html PUBLIC "-//W3C//DTD XHTML 1.0 Transitional//EN"
    "http://www.w3.org/TR/xhtml1/DTD/xhtml1-transitional.dtd">
<html xmlns="http://www.w3.org/1999/xhtml" xml:lang="en" lang="en">
 <head>
  <title>
</title>
<meta http-equiv="Content-Type" content="text/html;charset=utf-8" />
  <meta name='ocr-system' content='tesseract 3.04.00' />
  <meta name='ocr-capabilities' content='ocr_page ocr_carea ocr_par ocr_line ocrx_word'/>
</head>
<body>
  <div class='ocr_page' id='page_1' title='image "./operasuet00suetuoft_0278.png"; bbox 0 0 2372 3918; ppageno 0'>
   <div class='ocr_carea' id='block_1_1' title="bbox 414 261 1444 307">
    <p class='ocr_par' dir='ltr' id='par_1_1' title="bbox 414 261 1444 307">
     <span class='ocr_line' id='line_1_1' title="bbox 414 261 1444 307; baseline -0.003 0"><span class='ocrx_word' id='word_1_1' title='bbox 414 278 439 306; x_wconf 82' lang='lat'><strong>2</strong></span> <span class='ocrx_word' id='word_1_2' title='bbox 448 263 504 307; x_wconf 81' lang='lat'><strong>50</strong></span> <span class='ocrx_word' id='word_1_3' title='bbox 1077 261 1124 305; x_wconf 81' lang='lat' dir='ltr'><strong>C.</strong></span> <span class='ocrx_word' id='word_1_4' title='bbox 1162 261 1444 307; x_wconf 84' lang='lat' dir='ltr'><strong>SUETONII</strong></span> 
     </span>
    </p>
   </div>
   <div class='ocr_carea' id='block_1_2' title="bbox 395 362 2168 3317">
    <p class='ocr_par' dir='ltr' id='par_1_2' title="bbox 395 362 2091 1136">
     <span class='ocr_line' id='line_1_2' title="bbox 395 362 2089 433; baseline 0.001 -12"><span class='ocrx_word' id='word_1_5' title='bbox 395 366 572 421; x_wconf 66' lang='lat' dir='ltr'><strong>Circo</strong></span> <span class='ocrx_word' id='word_1_6' title='bbox 601 365 864 433; x_wconf 84' lang='lat' dir='ltr'><strong>maxim0,</strong></span> <span class='ocrx_word' id='word_1_7' title='bbox 896 364 1038 418; x_wconf 87' lang='lat' dir='ltr'><strong>inter</strong></span> <span class='ocrx_word' id='word_1_8' title='bbox 1064 371 1362 419; x_wconf 89' lang='lat' dir='ltr'><strong>scortorum</strong></span> <span class='ocrx_word' id='word_1_9' title='bbox 1395 363 1558 418; x_wconf 90' lang='lat' dir='ltr'><strong>totius</strong></span> <span class='ocrx_word' id='word_1_10' title='bbox 1591 362 1756 420; x_wconf 85' lang='lat' dir='ltr'>Urbis</span> <span class='ocrx_word' id='word_1_11' title='bbox 1782 364 2089 423; x_wconf 88' lang='lat' dir='ltr'><strong>ambubaia-</strong></span> 
     </span>
     <span class='ocr_line' id='line_1_3' title="bbox 410 462 2089 541; baseline 0 -21"><span class='ocrx_word' id='word_1_12' title='bbox 410 484 639 541; x_wconf 87' lang='lat' dir='ltr'><strong>rumque</strong></span> <span class='ocrx_word' id='word_1_13' title='bbox 694 464 1002 520; x_wconf 89' lang='lat' dir='ltr'><strong>ministeria.</strong></span> <span class='ocrx_word' id='word_1_14' title='bbox 1049 463 1281 535; x_wconf 85' lang='lat' dir='ltr'><strong>Quoties</strong></span> <span class='ocrx_word' id='word_1_15' title='bbox 1321 463 1530 518; x_wconf 84' lang='lat' dir='ltr'><strong>Ostiam</strong></span> <span class='ocrx_word' id='word_1_16' title='bbox 1579 462 1757 517; x_wconf 82' lang='lat' dir='ltr'><strong>Tiberi</strong></span> <span class='ocrx_word' id='word_1_17' title='bbox 1800 462 2089 532; x_wconf 88' lang='lat' dir='ltr'><strong>deflueret,</strong></span> 
     </span>
     <span class='ocr_line' id='line_1_4' title="bbox 409 561 2087 639; baseline -0.001 -19"><span class='ocrx_word' id='word_1_18' title='bbox 409 576 504 620; x_wconf 89' lang='lat' dir='ltr'><strong>aut</strong></span> <span class='ocrx_word' id='word_1_19' title='bbox 539 566 799 620; x_wconf 82' lang='lat' dir='ltr'><strong>Baianum</strong></span> <span class='ocrx_word' id='word_1_20' title='bbox 831 563 1007 619; x_wconf 89' lang='lat' dir='ltr'><strong>sinum</strong></span> <span class='ocrx_word' id='word_1_21' title='bbox 1040 562 1547 639; x_wconf 66' lang='lat' dir='ltr'><strong>praeternavigaret,</strong></span> <span class='ocrx_word' id='word_1_22' title='bbox 1578 561 1848 637; x_wconf 84' lang='lat' dir='ltr'><strong>dispositae</strong></span> <span class='ocrx_word' id='word_1_23' title='bbox 1885 583 1982 638; x_wconf 86' lang='lat' dir='ltr'><strong>per</strong></span> <span class='ocrx_word' id='word_1_24' title='bbox 2021 563 2087 619; x_wconf 90' lang='lat' dir='ltr'><strong>li-</strong></span> 
     </span>
     <span class='ocr_line' id='line_1_5' title="bbox 408 660 2087 742; baseline -0.001 -22"><span class='ocrx_word' id='word_1_25' title='bbox 408 677 527 722; x_wconf 86' lang='lat' dir='ltr'><strong>tora</strong></span> <span class='ocrx_word' id='word_1_26' title='bbox 559 677 614 721; x_wconf 90' lang='lat' dir='ltr'><strong>et</strong></span> <span class='ocrx_word' id='word_1_27' title='bbox 656 665 801 742; x_wconf 85' lang='lat' dir='ltr'><strong>ripas</strong></span> <span class='ocrx_word' id='word_1_28' title='bbox 842 662 1159 718; x_wconf 87' lang='lat' dir='ltr'><strong>deversoriae</strong></span> <span class='ocrx_word' id='word_1_29' title='bbox 1188 661 1428 718; x_wconf 72' lang='lat' dir='ltr'><strong>‹tabernae</strong></span> <span class='ocrx_word' id='word_1_30' title='bbox 1464 660 1812 738; x_wconf 88' lang='lat' dir='ltr'><strong>parabantur,</strong></span> <span class='ocrx_word' id='word_1_31' title='bbox 1853 663 2087 740; x_wconf 84' lang='lat' dir='ltr'><strong>insignes</strong></span> 
     </span>
     <span class='ocr_line' id='line_1_6' title="bbox 406 760 2090 841; baseline -0.001 -23"><span class='ocrx_word' id='word_1_32' title='bbox 406 784 588 841; x_wconf 81' lang='lat' dir='ltr'><strong>ganeae</strong></span> <span class='ocrx_word' id='word_1_33' title='bbox 633 775 686 818; x_wconf 90' lang='lat' dir='ltr'><strong>et</strong></span> <span class='ocrx_word' id='word_1_34' title='bbox 718 774 1122 830; x_wconf 88' lang='lat' dir='ltr'><strong>matronarum,</strong></span> <span class='ocrx_word' id='word_1_35' title='bbox 1162 760 1456 816; x_wconf 84' lang='lat' dir='ltr'><strong>institorias</strong></span> <span class='ocrx_word' id='word_1_36' title='bbox 1497 780 1688 837; x_wconf 81' lang='lat' dir='ltr'><strong>operas</strong></span> <span class='ocrx_word' id='word_1_37' title='bbox 1729 761 2054 817; x_wconf 86' lang='lat' dir='ltr'><strong>imitantium</strong></span> <span class='ocrx_word' id='word_1_38' title='bbox 2075 804 2090 833; x_wconf 96' lang='lat'><strong>,</strong></span> 
     </span>
     <span class='ocr_line' id='line_1_7' title="bbox 405 858 2091 939; baseline -0.002 -20"><span class='ocrx_word' id='word_1_39' title='bbox 405 876 566 939; x_wconf 86' lang='lat' dir='ltr'><strong>atque</strong></span> <span class='ocrx_word' id='word_1_40' title='bbox 594 861 720 917; x_wconf 82' lang='lat' dir='ltr'><strong>hinc</strong></span> <span class='ocrx_word' id='word_1_41' title='bbox 754 859 879 916; x_wconf 90' lang='lat' dir='ltr'><strong>inde</strong></span> <span class='ocrx_word' id='word_1_42' title='bbox 908 860 1244 917; x_wconf 83' lang='lat' dir='ltr'><strong>hortantium</strong></span> <span class='ocrx_word' id='word_1_43' title='bbox 1261 901 1278 930; x_wconf 91' lang='lat'><strong>,</strong></span> <span class='ocrx_word' id='word_1_44' title='bbox 1308 871 1371 916; x_wconf 93' lang='lat' dir='ltr'><strong>ut</strong></span> <span class='ocrx_word' id='word_1_45' title='bbox 1401 858 1706 936; x_wconf 88' lang='lat' dir='ltr'><strong>appelleret.</strong></span> <span class='ocrx_word' id='word_1_46' title='bbox 1732 860 2014 916; x_wconf 87' lang='lat' dir='ltr'><strong>Indicebat</strong></span> <span class='ocrx_word' id='word_1_47' title='bbox 2037 874 2091 916; x_wconf 89' lang='lat' dir='ltr'><strong>et</strong></span> 
     </span>
     <span class='ocr_line' id='line_1_8' title="bbox 403 957 2090 1036; baseline -0.001 -19"><span class='ocrx_word' id='word_1_48' title='bbox 403 961 757 1018; x_wconf 87' lang='lat' dir='ltr'><strong>familiaribus</strong></span> <span class='ocrx_word' id='word_1_49' title='bbox 783 980 989 1031; x_wconf 80' lang='lat' dir='ltr'><strong>coenaS,</strong></span> <span class='ocrx_word' id='word_1_50' title='bbox 1020 979 1251 1035; x_wconf 88' lang='lat' dir='ltr'><strong>quorum</strong></span> <span class='ocrx_word' id='word_1_51' title='bbox 1284 959 1379 1014; x_wconf 89' lang='lat' dir='ltr'><strong>uni</strong></span> <span class='ocrx_word' id='word_1_52' title='bbox 1419 957 1621 1014; x_wconf 89' lang='lat' dir='ltr'><strong>mellita</strong></span> <span class='ocrx_word' id='word_1_53' title='bbox 1654 959 1975 1036; x_wconf 86' lang='lat' dir='ltr'><strong>quadragies</strong></span> <span class='ocrx_word' id='word_1_54' title='bbox 2015 981 2090 1016; x_wconf 91' lang='lat' dir='ltr'><strong>se-</strong></span> 
     </span>
     <span class='ocr_line' id='line_1_9' title="bbox 404 1057 2088 1136; baseline -0.001 -19"><span class='ocrx_word' id='word_1_55' title='bbox 404 1062 588 1117; x_wconf 91' lang='lat' dir='ltr'><strong>stertio</strong></span> <span class='ocrx_word' id='word_1_56' title='bbox 614 1060 880 1131; x_wconf 91' lang='lat' dir='ltr'><strong>constitit,</strong></span> <span class='ocrx_word' id='word_1_57' title='bbox 899 1057 1055 1115; x_wconf 89' lang='lat' dir='ltr'><strong>alteri</strong></span> <span class='ocrx_word' id='word_1_58' title='bbox 1078 1057 1250 1136; x_wconf 90' lang='lat' dir='ltr'><strong>pluris</strong></span> <span class='ocrx_word' id='word_1_59' title='bbox 1273 1057 1553 1133; x_wconf 89' lang='lat' dir='ltr'><strong>aliquanto</strong></span> <span class='ocrx_word' id='word_1_60' title='bbox 1574 1059 1850 1135; x_wconf 88' lang='lat' dir='ltr'><strong>absorptio</strong></span> <span class='ocrx_word' id='word_1_61' title='bbox 1869 1062 2088 1117; x_wconf 88' lang='lat' dir='ltr'><strong>rosaria.</strong></span> 
     </span>
    </p>

    <p class='ocr_par' dir='ltr' id='par_1_3' title="bbox 396 1157 2168 3214">
     <span class='ocr_line' id='line_1_10' title="bbox 483 1157 2088 1236; baseline -0.001 -20"><span class='ocrx_word' id='word_1_62' title='bbox 483 1162 734 1217; x_wconf 86' lang='lat' dir='ltr'><strong>XXVIII.</strong></span> <span class='ocrx_word' id='word_1_63' title='bbox 771 1161 945 1235; x_wconf 87' lang='lat' dir='ltr'><strong>Super</strong></span> <span class='ocrx_word' id='word_1_64' title='bbox 971 1161 1330 1235; x_wconf 87' lang='lat' dir='ltr'><strong>ingenuorum</strong></span> <span class='ocrx_word' id='word_1_65' title='bbox 1355 1157 1694 1236; x_wconf 83' lang='lat' dir='ltr'><strong>paedagogia,</strong></span> <span class='ocrx_word' id='word_1_66' title='bbox 1715 1170 1770 1214; x_wconf 93' lang='lat' dir='ltr'><strong>et</strong></span> <span class='ocrx_word' id='word_1_67' title='bbox 1795 1172 2088 1234; x_wconf 86' lang='lat' dir='ltr'><strong>nuptarum</strong></span> 
     </span>
     <span class='ocr_line' id='line_1_11' title="bbox 401 1256 2090 1334; baseline -0.001 -18"><span class='ocrx_word' id='word_1_68' title='bbox 401 1261 810 1330; x_wconf 81' lang='lat' dir='ltr'><strong>concubinatuS,</strong></span> <span class='ocrx_word' id='word_1_69' title='bbox 842 1257 1027 1314; x_wconf 88' lang='lat' dir='ltr'><strong>vestali</strong></span> <span class='ocrx_word' id='word_1_70' title='bbox 1067 1258 1262 1334; x_wconf 88' lang='lat' dir='ltr'><strong>virgini</strong></span> <span class='ocrx_word' id='word_1_71' title='bbox 1292 1256 1511 1313; x_wconf 85' lang='lat' dir='ltr'><strong>Rubriae</strong></span> <span class='ocrx_word' id='word_1_72' title='bbox 1541 1259 1649 1312; x_wconf 88' lang='lat' dir='ltr'><strong>vim</strong></span> <span class='ocrx_word' id='word_1_73' title='bbox 1690 1259 1891 1316; x_wconf 90' lang='lat' dir='ltr'><strong>intulit.</strong></span> <span class='ocrx_word' id='word_1_74' title='bbox 1921 1264 2090 1317; x_wconf 86' lang='lat' dir='ltr'><strong>Acten</strong></span> 
     </span>
     <span class='ocr_line' id='line_1_12' title="bbox 402 1356 2090 1434; baseline 0 -20"><span class='ocrx_word' id='word_1_75' title='bbox 402 1360 677 1428; x_wconf 89' lang='lat' dir='ltr'><strong>libertam,</strong></span> <span class='ocrx_word' id='word_1_76' title='bbox 724 1357 947 1434; x_wconf 89' lang='lat' dir='ltr'><strong>paulum</strong></span> <span class='ocrx_word' id='word_1_77' title='bbox 985 1356 1188 1427; x_wconf 89' lang='lat' dir='ltr'><strong>abfuit,</strong></span> <span class='ocrx_word' id='word_1_78' title='bbox 1236 1357 1368 1431; x_wconf 91' lang='lat' dir='ltr'><strong>quin</strong></span> <span class='ocrx_word' id='word_1_79' title='bbox 1393 1356 1545 1430; x_wconf 71' lang='lat' dir='ltr'><strong>‘justo</strong></span> <span class='ocrx_word' id='word_1_80' title='bbox 1598 1359 1943 1414; x_wconf 88' lang='lat' dir='ltr'><strong>matrimonio</strong></span> <span class='ocrx_word' id='word_1_81' title='bbox 1990 1360 2090 1414; x_wconf 89' lang='lat' dir='ltr'><strong>sibi</strong></span> 
     </span>
     <span class='ocr_line' id='line_1_13' title="bbox 400 1452 2091 1533; baseline -0.001 -20"><span class='ocrx_word' id='word_1_82' title='bbox 400 1459 783 1533; x_wconf 90' lang='lat' dir='ltr'><strong>conjungeret,</strong></span> <span class='ocrx_word' id='word_1_83' title='bbox 831 1456 1126 1510; x_wconf 89' lang='lat' dir='ltr'><strong>summissis</strong></span> <span class='ocrx_word' id='word_1_84' title='bbox 1172 1452 1548 1509; x_wconf 90' lang='lat' dir='ltr'><strong>consularibus</strong></span> <span class='ocrx_word' id='word_1_85' title='bbox 1591 1455 1749 1525; x_wconf 87' lang='lat' dir='ltr'><strong>viris,</strong></span> <span class='ocrx_word' id='word_1_86' title='bbox 1792 1457 1886 1530; x_wconf 90' lang='lat' dir='ltr'><strong>qui</strong></span> <span class='ocrx_word' id='word_1_87' title='bbox 1944 1459 2091 1533; x_wconf 88' lang='lat' dir='ltr'><strong>regio</strong></span> 
     </span>
     <span class='ocr_line' id='line_1_14' title="bbox 401 1555 2093 1634; baseline -0.001 -21"><span class='ocrx_word' id='word_1_88' title='bbox 401 1577 596 1634; x_wconf 76' lang='lat' dir='ltr'><strong>genere</strong></span> <span class='ocrx_word' id='word_1_89' title='bbox 630 1568 804 1611; x_wconf 91' lang='lat' dir='ltr'><strong>ortam</strong></span> <span class='ocrx_word' id='word_1_90' title='bbox 845 1555 1164 1631; x_wconf 88' lang='lat' dir='ltr'><strong>pejerarent.</strong></span> <span class='ocrx_word' id='word_1_91' title='bbox 1201 1555 1436 1608; x_wconf 84' lang='lat' dir='ltr'><strong>Puerum</strong></span> <span class='ocrx_word' id='word_1_92' title='bbox 1470 1555 1728 1629; x_wconf 85' lang='lat' dir='ltr'><strong>Sporum,</strong></span> <span class='ocrx_word' id='word_1_93' title='bbox 1761 1556 1984 1611; x_wconf 81' lang='lat' dir='ltr'><strong>exsectis</strong></span> <span class='ocrx_word' id='word_1_94' title='bbox 2022 1568 2093 1611; x_wconf 91' lang='lat' dir='ltr'><strong>te-</strong></span> 
     </span>
     <span class='ocr_line' id='line_1_15' title="bbox 400 1647 2092 1730; baseline -0.001 -19"><span class='ocrx_word' id='word_1_95' title='bbox 400 1655 569 1711; x_wconf 91' lang='lat' dir='ltr'><strong>stibus</strong></span> <span class='ocrx_word' id='word_1_96' title='bbox 587 1696 603 1725; x_wconf 93' lang='lat'><strong>,</strong></span> <span class='ocrx_word' id='word_1_97' title='bbox 624 1655 786 1710; x_wconf 89' lang='lat' dir='ltr'><strong>etiam</strong></span> <span class='ocrx_word' id='word_1_98' title='bbox 819 1655 875 1730; x_wconf 88' lang='lat' dir='ltr'><strong>in</strong></span> <span class='ocrx_word' id='word_1_99' title='bbox 902 1647 1220 1708; x_wconf 88' lang='lat' dir='ltr'><strong>muliebrem</strong></span> <span class='ocrx_word' id='word_1_100' title='bbox 1247 1663 1494 1706; x_wconf 89' lang='lat' dir='ltr'><strong>naturam</strong></span> <span class='ocrx_word' id='word_1_101' title='bbox 1527 1652 1911 1730; x_wconf 83' lang='lat' dir='ltr'><strong>transfigurare</strong></span> <span class='ocrx_word' id='word_1_102' title='bbox 1938 1675 2092 1710; x_wconf 86' lang='lat' dir='ltr'><strong>cona-</strong></span> 
     </span>
     <span class='ocr_line' id='line_1_16' title="bbox 401 1748 2089 1828; baseline -0.001 -19"><span class='ocrx_word' id='word_1_103' title='bbox 401 1767 516 1822; x_wconf 92' lang='lat' dir='ltr'><strong>tus,</strong></span> <span class='ocrx_word' id='word_1_104' title='bbox 555 1775 681 1810; x_wconf 89' lang='lat' dir='ltr'><strong>cum</strong></span> <span class='ocrx_word' id='word_1_105' title='bbox 721 1753 846 1808; x_wconf 87' lang='lat' dir='ltr'><strong>dote</strong></span> <span class='ocrx_word' id='word_1_106' title='bbox 886 1764 940 1807; x_wconf 92' lang='lat' dir='ltr'><strong>et</strong></span> <span class='ocrx_word' id='word_1_107' title='bbox 977 1750 1256 1820; x_wconf 82' lang='lat' dir='ltr'><strong>flammeO,</strong></span> <span class='ocrx_word' id='word_1_108' title='bbox 1298 1753 1409 1826; x_wconf 65' lang='lat' dir='ltr'><strong>per&#39;</strong></span> <span class='ocrx_word' id='word_1_109' title='bbox 1437 1748 1694 1807; x_wconf 89' lang='lat' dir='ltr'><strong>sollemne</strong></span> <span class='ocrx_word' id='word_1_110' title='bbox 1741 1753 2053 1828; x_wconf 86' lang='lat' dir='ltr'><strong>nuptiarum</strong></span> <span class='ocrx_word' id='word_1_111' title='bbox 2074 1797 2089 1821; x_wconf 89' lang='lat'><strong>,</strong></span> 
     </span>
     <span class='ocr_line' id='line_1_17' title="bbox 398 1848 2168 1926; baseline -0.001 -18"><span class='ocrx_word' id='word_1_112' title='bbox 398 1853 744 1909; x_wconf 90' lang='lat' dir='ltr'><strong>celeberrimo</strong></span> <span class='ocrx_word' id='word_1_113' title='bbox 785 1851 964 1907; x_wconf 87' lang='lat' dir='ltr'><strong>officio</strong></span> <span class='ocrx_word' id='word_1_114' title='bbox 1004 1849 1296 1905; x_wconf 89' lang='lat' dir='ltr'><strong>deductum</strong></span> <span class='ocrx_word' id='word_1_115' title='bbox 1333 1848 1401 1904; x_wconf 91' lang='lat' dir='ltr'><strong>ad</strong></span> <span class='ocrx_word' id='word_1_116' title='bbox 1441 1870 1497 1905; x_wconf 94' lang='lat' dir='ltr'><strong>se</strong></span> <span class='ocrx_word' id='word_1_117' title='bbox 1536 1870 1636 1926; x_wconf 91' lang='lat' dir='ltr'><strong>pro</strong></span> <span class='ocrx_word' id='word_1_118' title='bbox 1674 1871 1842 1906; x_wconf 84' lang='lat' dir='ltr'><strong>uxore</strong></span> <span class='ocrx_word' id='word_1_119' title='bbox 1879 1852 2088 1907; x_wconf 89' lang='lat' dir='ltr'><strong>habuit.</strong></span> <span class='ocrx_word' id='word_1_120' title='bbox 2164 1851 2168 1854; x_wconf 37' lang='lat'><strong><em>⁴</em></strong></span> 
     </span>
     <span class='ocr_line' id='line_1_18' title="bbox 397 1949 2092 2027; baseline -0.001 -20"><span class='ocrx_word' id='word_1_121' title='bbox 397 1955 694 2027; x_wconf 85' lang='lat' dir='ltr'><strong>Exstatque</strong></span> <span class='ocrx_word' id='word_1_122' title='bbox 735 1949 1016 2026; x_wconf 88' lang='lat' dir='ltr'><strong>cujusdam</strong></span> <span class='ocrx_word' id='word_1_123' title='bbox 1053 1970 1163 2005; x_wconf 89' lang='lat' dir='ltr'><strong>non</strong></span> <span class='ocrx_word' id='word_1_124' title='bbox 1196 1949 1421 2004; x_wconf 90' lang='lat' dir='ltr'><strong>inscitus</strong></span> <span class='ocrx_word' id='word_1_125' title='bbox 1450 1949 1635 2024; x_wconf 89' lang='lat' dir='ltr'><strong>jocus,</strong></span> <span class='ocrx_word' id='word_1_126' title='bbox 1663 1974 1690 2001; x_wconf 75' lang='grc' dir='ltr'><strong>ι(</strong></span> <span class='ocrx_word' id='word_1_127' title='bbox 1711 1952 1854 2004; x_wconf 87' lang='lat' dir='ltr'><strong>Bene</strong></span> <span class='ocrx_word' id='word_1_128' title='bbox 1884 1951 1993 2027; x_wconf 89' lang='lat' dir='ltr'><strong>agi</strong></span> <span class='ocrx_word' id='word_1_129' title='bbox 2004 1971 2092 2026; x_wconf 86' lang='lat' dir='ltr'><strong>po-</strong></span> 
     </span>
     <span class='ocr_line' id='line_1_19' title="bbox 398 2048 2090 2125; baseline -0.001 -19"><span class='ocrx_word' id='word_1_130' title='bbox 398 2052 564 2106; x_wconf 89' lang='lat' dir='ltr'><strong>tuisse</strong></span> <span class='ocrx_word' id='word_1_131' title='bbox 607 2071 730 2106; x_wconf 89' lang='lat' dir='ltr'><strong>cum</strong></span> <span class='ocrx_word' id='word_1_132' title='bbox 778 2050 938 2105; x_wconf 89' lang='lat' dir='ltr'><strong>rebus</strong></span> <span class='ocrx_word' id='word_1_133' title='bbox 982 2050 1264 2118; x_wconf 90' lang='lat' dir='ltr'><strong>humanis,</strong></span> <span class='ocrx_word' id='word_1_134' title='bbox 1308 2050 1351 2103; x_wconf 93' lang='lat' dir='ltr'><strong>si</strong></span> <span class='ocrx_word' id='word_1_135' title='bbox 1403 2048 1676 2104; x_wconf 88' lang='lat' dir='ltr'><strong>Domitius</strong></span> <span class='ocrx_word' id='word_1_136' title='bbox 1724 2062 1878 2125; x_wconf 90' lang='lat' dir='ltr'><strong>pater</strong></span> <span class='ocrx_word' id='word_1_137' title='bbox 1929 2049 2090 2105; x_wconf 88' lang='lat' dir='ltr'><strong>talem</strong></span> 
     </span>
     <span class='ocr_line' id='line_1_20' title="bbox 398 2150 2091 2223; baseline 0.001 -19"><span class='ocrx_word' id='word_1_138' title='bbox 398 2151 675 2206; x_wconf 89' lang='lat' dir='ltr'><strong>habuisset</strong></span> <span class='ocrx_word' id='word_1_139' title='bbox 714 2169 956 2205; x_wconf 86' lang='lat' dir='ltr'><strong>uxorem.</strong></span> <span class='ocrx_word' id='word_1_140' title='bbox 976 2173 1002 2201; x_wconf 88' lang='lat'>»</span> <span class='ocrx_word' id='word_1_141' title='bbox 1027 2152 1186 2206; x_wconf 90' lang='lat' dir='ltr'><strong>Hunc</strong></span> <span class='ocrx_word' id='word_1_142' title='bbox 1229 2150 1462 2223; x_wconf 88' lang='lat' dir='ltr'><strong>Sporum</strong></span> <span class='ocrx_word' id='word_1_143' title='bbox 1483 2190 1498 2217; x_wconf 97' lang='lat'><strong>,</strong></span> <span class='ocrx_word' id='word_1_144' title='bbox 1531 2150 1897 2223; x_wconf 87' lang='lat' dir='ltr'><strong>Augustarum</strong></span> <span class='ocrx_word' id='word_1_145' title='bbox 1934 2170 2091 2205; x_wconf 88' lang='lat' dir='ltr'><strong>orna-</strong></span> 
     </span>
     <span class='ocr_line' id='line_1_21' title="bbox 398 2245 2150 2322; baseline -0.001 -18"><span class='ocrx_word' id='word_1_146' title='bbox 398 2250 594 2304; x_wconf 89' lang='lat' dir='ltr'><strong>mentis</strong></span> <span class='ocrx_word' id='word_1_147' title='bbox 625 2245 896 2304; x_wconf 88' lang='lat' dir='ltr'><strong>excultum</strong></span> <span class='ocrx_word' id='word_1_148' title='bbox 915 2290 931 2319; x_wconf 90' lang='lat'><strong>,</strong></span> <span class='ocrx_word' id='word_1_149' title='bbox 960 2246 1254 2322; x_wconf 83' lang='lat' dir='ltr'><strong>lecticaque</strong></span> <span class='ocrx_word' id='word_1_150' title='bbox 1277 2258 1515 2314; x_wconf 90' lang='lat' dir='ltr'><strong>vectum,</strong></span> <span class='ocrx_word' id='word_1_151' title='bbox 1534 2258 1588 2301; x_wconf 91' lang='lat' dir='ltr'><strong>et</strong></span> <span class='ocrx_word' id='word_1_152' title='bbox 1619 2248 1760 2303; x_wconf 90' lang='lat' dir='ltr'><strong>circa</strong></span> <span class='ocrx_word' id='word_1_153' title='bbox 1789 2261 2090 2304; x_wconf 89' lang='lat' dir='ltr'><strong>conventus</strong></span> <span class='ocrx_word' id='word_1_154' title='bbox 2148 2282 2150 2284; x_wconf 34' lang='lat' dir='ltr'>v</span> 
     </span>
     <span class='ocr_line' id='line_1_22' title="bbox 397 2346 2089 2425; baseline 0 -21"><span class='ocrx_word' id='word_1_155' title='bbox 397 2362 772 2425; x_wconf 88' lang='lat' dir='ltr'><strong>mercatusque</strong></span> <span class='ocrx_word' id='word_1_156' title='bbox 807 2349 1065 2420; x_wconf 86' lang='lat' dir='ltr'><strong>Graeciae,</strong></span> <span class='ocrx_word' id='word_1_157' title='bbox 1104 2368 1168 2404; x_wconf 90' lang='lat' dir='ltr'><strong>ac</strong></span> <span class='ocrx_word' id='word_1_158' title='bbox 1206 2368 1332 2402; x_wconf 86' lang='lat' dir='ltr'><strong>mox</strong></span> <span class='ocrx_word' id='word_1_159' title='bbox 1373 2350 1558 2403; x_wconf 87' lang='lat' dir='ltr'><strong>Romae</strong></span> <span class='ocrx_word' id='word_1_160' title='bbox 1600 2348 1742 2402; x_wconf 86' lang='lat' dir='ltr'><strong>circa</strong></span> <span class='ocrx_word' id='word_1_161' title='bbox 1788 2346 2055 2423; x_wconf 84' lang='lat' dir='ltr'><strong>Sigillaria</strong></span> <span class='ocrx_word' id='word_1_162' title='bbox 2074 2392 2089 2417; x_wconf 91' lang='lat'><strong>,</strong></span> 
     </span>
     <span class='ocr_line' id='line_1_23' title="bbox 397 2435 2089 2519; baseline -0.001 -15"><span class='ocrx_word' id='word_1_163' title='bbox 397 2450 689 2504; x_wconf 81' lang='lat' dir='ltr'><strong>comitatus</strong></span> <span class='ocrx_word' id='word_1_164' title='bbox 725 2461 836 2519; x_wconf 90' lang='lat' dir='ltr'><strong>est,</strong></span> <span class='ocrx_word' id='word_1_165' title='bbox 879 2446 1172 2504; x_wconf 89' lang='lat' dir='ltr'><strong>identidem</strong></span> <span class='ocrx_word' id='word_1_166' title='bbox 1200 2435 1529 2501; x_wconf 85' lang='lat' dir='ltr'><strong>exosculans.</strong></span> <span class='ocrx_word' id='word_1_167' title='bbox 1562 2447 1703 2502; x_wconf 89' lang='lat' dir='ltr'><strong>Nam</strong></span> <span class='ocrx_word' id='word_1_168' title='bbox 1747 2448 1934 2502; x_wconf 88' lang='lat' dir='ltr'><strong>matris</strong></span> <span class='ocrx_word' id='word_1_169' title='bbox 1967 2467 2089 2502; x_wconf 91' lang='lat' dir='ltr'><strong>con-</strong></span> 
     </span>
     <span class='ocr_line' id='line_1_24' title="bbox 397 2544 2088 2624; baseline 0.001 -22"><span class='ocrx_word' id='word_1_170' title='bbox 397 2548 637 2604; x_wconf 85' lang='lat' dir='ltr'><strong>cubitum</strong></span> <span class='ocrx_word' id='word_1_171' title='bbox 668 2549 965 2624; x_wconf 86' lang='lat' dir='ltr'><strong>appetisse,</strong></span> <span class='ocrx_word' id='word_1_172' title='bbox 995 2559 1049 2601; x_wconf 95' lang='lat' dir='ltr'><strong>et</strong></span> <span class='ocrx_word' id='word_1_173' title='bbox 1078 2545 1146 2600; x_wconf 90' lang='lat' dir='ltr'><strong>ab</strong></span> <span class='ocrx_word' id='word_1_174' title='bbox 1176 2544 1632 2600; x_wconf 81' lang='lat' dir='ltr'><strong>obtrectatoribus</strong></span> <span class='ocrx_word' id='word_1_175' title='bbox 1660 2546 1774 2621; x_wconf 90' lang='lat' dir='ltr'><strong>ejus</strong></span> <span class='ocrx_word' id='word_1_176' title='bbox 1792 2588 1808 2616; x_wconf 94' lang='lat'><strong>,</strong></span> <span class='ocrx_word' id='word_1_177' title='bbox 1844 2567 1912 2601; x_wconf 90' lang='lat' dir='ltr'><strong>ne</strong></span> <span class='ocrx_word' id='word_1_178' title='bbox 1937 2547 2088 2603; x_wconf 86' lang='lat' dir='ltr'><strong>ferox</strong></span> 
     </span>
     <span class='ocr_line' id='line_1_25' title="bbox 396 2643 2087 2722; baseline 0.002 -23"><span class='ocrx_word' id='word_1_179' title='bbox 396 2657 555 2720; x_wconf 88' lang='lat' dir='ltr'><strong>atque</strong></span> <span class='ocrx_word' id='word_1_180' title='bbox 583 2645 851 2720; x_wconf 91' lang='lat' dir='ltr'><strong>impotens</strong></span> <span class='ocrx_word' id='word_1_181' title='bbox 876 2643 1070 2698; x_wconf 89' lang='lat' dir='ltr'><strong>mulier</strong></span> <span class='ocrx_word' id='word_1_182' title='bbox 1096 2655 1149 2698; x_wconf 90' lang='lat' dir='ltr'><strong>et</strong></span> <span class='ocrx_word' id='word_1_183' title='bbox 1179 2643 1284 2698; x_wconf 92' lang='lat' dir='ltr'><strong>hoc</strong></span> <span class='ocrx_word' id='word_1_184' title='bbox 1310 2656 1505 2719; x_wconf 84' lang='lat' dir='ltr'><strong>genere</strong></span> <span class='ocrx_word' id='word_1_185' title='bbox 1536 2645 1721 2721; x_wconf 87' lang='lat' dir='ltr'><strong>gratiae</strong></span> <span class='ocrx_word' id='word_1_186' title='bbox 1746 2645 2087 2722; x_wconf 86' lang='lat' dir='ltr'><strong>praevaleret,</strong></span> 
     </span>
     <span class='ocr_line' id='line_1_26' title="bbox 396 2720 2087 2820; baseline 0.002 -23"><span class='ocrx_word' id='word_1_187' title='bbox 396 2743 742 2813; x_wconf 90' lang='lat' dir='ltr'><strong>deterritum,</strong></span> <span class='ocrx_word' id='word_1_188' title='bbox 770 2765 930 2800; x_wconf 92' lang='lat' dir='ltr'><strong>nemo</strong></span> <span class='ocrx_word' id='word_1_189' title='bbox 963 2743 1229 2798; x_wconf 89' lang='lat' dir='ltr'><strong>dubitavit</strong></span> <span class='ocrx_word' id='word_1_190' title='bbox 1264 2765 1277 2798; x_wconf 89' lang='lat'>:</span> <span class='ocrx_word' id='word_1_191' title='bbox 1313 2744 1506 2819; x_wconf 91' lang='lat' dir='ltr'><strong>utique</strong></span> <span class='ocrx_word' id='word_1_192' title='bbox 1533 2728 1822 2820; x_wconf 85' lang='lat' dir='ltr'><strong>postquam</strong></span> <span class='ocrx_word' id='word_1_193' title='bbox 1851 2720 2087 2801; x_wconf 80' lang='lat' dir='ltr'><strong>meretri-</strong></span> 
     </span>
     <span class='ocr_line' id='line_1_27' title="bbox 397 2843 2088 2921; baseline 0.001 -22"><span class='ocrx_word' id='word_1_194' title='bbox 397 2863 546 2915; x_wconf 90' lang='lat' dir='ltr'><strong>cem,</strong></span> <span class='ocrx_word' id='word_1_195' title='bbox 604 2865 766 2920; x_wconf 89' lang='lat' dir='ltr'><strong>quam</strong></span> <span class='ocrx_word' id='word_1_196' title='bbox 815 2843 958 2899; x_wconf 88' lang='lat' dir='ltr'><strong>fama</strong></span> <span class='ocrx_word' id='word_1_197' title='bbox 1009 2856 1124 2899; x_wconf 89' lang='lat' dir='ltr'><strong>erat</strong></span> <span class='ocrx_word' id='word_1_198' title='bbox 1169 2844 1482 2921; x_wconf 82' lang='lat' dir='ltr'><strong>Agrippinae</strong></span> <span class='ocrx_word' id='word_1_199' title='bbox 1535 2843 1893 2915; x_wconf 87' lang='lat' dir='ltr'><strong>simillimam,</strong></span> <span class='ocrx_word' id='word_1_200' title='bbox 1949 2846 2088 2900; x_wconf 90' lang='lat' dir='ltr'><strong>inter</strong></span> 
     </span>
     <span class='ocr_line' id='line_1_28' title="bbox 398 2942 2084 3021; baseline -0.001 -23"><span class='ocrx_word' id='word_1_201' title='bbox 398 2943 725 2999; x_wconf 89' lang='lat' dir='ltr'><strong>concubinas</strong></span> <span class='ocrx_word' id='word_1_202' title='bbox 776 2945 995 3021; x_wconf 90' lang='lat' dir='ltr'><strong>recepit.</strong></span> <span class='ocrx_word' id='word_1_203' title='bbox 1029 2942 1195 3006; x_wconf 18' lang='lat' dir='ltr'><strong>Olim(</strong></span> <span class='ocrx_word' id='word_1_204' title='bbox 1223 2944 1383 2999; x_wconf 91' lang='lat' dir='ltr'><strong>etiam</strong></span> <span class='ocrx_word' id='word_1_205' title='bbox 1403 2986 1418 3010; x_wconf 85' lang='lat'><strong>‚</strong></span> <span class='ocrx_word' id='word_1_206' title='bbox 1454 2943 1666 3019; x_wconf 89' lang='lat' dir='ltr'><strong>quoties</strong></span> <span class='ocrx_word' id='word_1_207' title='bbox 1717 2942 1905 3001; x_wconf 81' lang='lat' dir='ltr'><strong>lectica</strong></span> <span class='ocrx_word' id='word_1_208' title='bbox 1959 2964 2084 3000; x_wconf 89' lang='lat' dir='ltr'><strong>cum</strong></span> 
     </span>
     <span class='ocr_line' id='line_1_29' title="bbox 397 3042 2086 3115; baseline 0.001 -19"><span class='ocrx_word' id='word_1_209' title='bbox 397 3053 566 3097; x_wconf 87' lang='lat' dir='ltr'><strong>matre</strong></span> <span class='ocrx_word' id='word_1_210' title='bbox 603 3042 904 3115; x_wconf 88' lang='lat' dir='ltr'><strong>veheretur,</strong></span> <span class='ocrx_word' id='word_1_211' title='bbox 937 3042 1276 3098; x_wconf 89' lang='lat' dir='ltr'><strong>libidinatum</strong></span> <span class='ocrx_word' id='word_1_212' title='bbox 1309 3042 1542 3115; x_wconf 90' lang='lat' dir='ltr'><strong>inceste,</strong></span> <span class='ocrx_word' id='word_1_213' title='bbox 1576 3063 1639 3099; x_wconf 88' lang='lat' dir='ltr'><strong>ac</strong></span> <span class='ocrx_word' id='word_1_214' title='bbox 1673 3042 1896 3099; x_wconf 90' lang='lat' dir='ltr'><strong>maculis</strong></span> <span class='ocrx_word' id='word_1_215' title='bbox 1925 3043 2086 3098; x_wconf 87' lang='lat' dir='ltr'><strong>vestis</strong></span> 
     </span>
     <span class='ocr_line' id='line_1_30' title="bbox 397 3139 1015 3214; baseline 0.003 -20"><span class='ocrx_word' id='word_1_216' title='bbox 397 3139 700 3214; x_wconf 89' lang='lat' dir='ltr'><strong>proditum,</strong></span> <span class='ocrx_word' id='word_1_217' title='bbox 729 3141 1015 3196; x_wconf 86' lang='lat' dir='ltr'><strong>affirmant.</strong></span> 
     </span>
    </p>

    <p class='ocr_par' dir='ltr' id='par_1_4' title="bbox 472 3231 2083 3317">
     <span class='ocr_line' id='line_1_31' title="bbox 472 3231 2083 3317; baseline 0.001 -23"><span class='ocrx_word' id='word_1_218' title='bbox 472 3242 673 3295; x_wconf 82' lang='lat' dir='ltr'><strong>XXIX.</strong></span> <span class='ocrx_word' id='word_1_219' title='bbox 713 3243 875 3296; x_wconf 86' lang='lat' dir='ltr'><strong>Suam</strong></span> <span class='ocrx_word' id='word_1_220' title='bbox 909 3239 1124 3316; x_wconf 88' lang='lat' dir='ltr'><strong>quidem</strong></span> <span class='ocrx_word' id='word_1_221' title='bbox 1157 3241 1471 3317; x_wconf 82' lang='lat' dir='ltr'><strong>pudicitiam</strong></span> <span class='ocrx_word' id='word_1_222' title='bbox 1507 3262 1673 3317; x_wconf 88' lang='lat' dir='ltr'><strong>usque</strong></span> <span class='ocrx_word' id='word_1_223' title='bbox 1715 3240 1848 3296; x_wconf 87' lang='lat' dir='ltr'><strong>adeo</strong></span> <span class='ocrx_word' id='word_1_224' title='bbox 1890 3231 2083 3316; x_wconf 85' lang='lat' dir='ltr'><strong>prosti-</strong></span> 
     </span>
    </p>
   </div>
   <div class='ocr_carea' id='block_1_3' title="bbox 2283 0 2372 3918">
    <p class='ocr_par' dir='ltr' id='par_1_5' title="bbox 2283 0 2372 3918">
     <span class='ocr_line' id='line_1_32' title="bbox 2283 0 2372 3918; baseline 0 0"><span class='ocrx_word' id='word_1_225' title='bbox 2283 0 2372 3918; x_wconf 95' lang='lat' dir='ltr'><strong> </strong></span> 
     </span>
    </p>
   </div>
  </div>
 </body>
</html>
