2372 3918
376 274 467 320 233
998 335 1012 345 δ
1043 277 1091 320 c,
1123 277 1413 324 sUETONu

371 378 544 436 multo
592 391 714 456 post
757 378 910 436 duxit
960 399 1182 437 uxorem
1229 379 1511 438 Octaviam
1567 400 1578 435 ε
1639 379 1917 459 ediditque
1973 406 2081 462 pro,

369 480 585 538 Claudii
614 477 786 537 salute
811 480 1075 536 circenses
1108 491 1161 535 et
1187 482 1549 538 venationem.

444 584 592 639 VIII.
625 581 1014 660 Septemdecim
1042 593 1199 638 natus
1220 601 1392 639 annos
1410 627 1425 653 ,
1450 595 1511 639 ut
1539 583 1605 640 de
1635 583 1866 641 Claudio
1894 584 2074 663 palam

365 684 566 741 factum
610 694 723 753 est,
754 683 897 739 inter
927 682 1119 739 horam
1154 695 1356 740 sextam
1391 686 1782 762 septimamque
1810 687 2073 762 processit

364 785 434 841 ad
460 786 796 841 excubitores
819 805 834 854 ;
859 804 1031 861 quum
1059 784 1128 840 ob
1159 786 1327 842 totius
1359 785 1465 842 diei
1490 785 1763 843 diritatem
1792 808 1901 843 non
1924 786 2091 844 aliud·

362 883 677 960 auspicandi
727 896 939 961 tempus
978 884 1436 942 accommodatius
1484 886 1760 943 videretur
1804 908 1816 942 τ
1858 908 2070 964 proque

363 981 549 1060 palatii
571 982 828 1061 gradibus
850 984 1148 1060 imperator
1172 983 1567 1057 consalutatuS,
1587 985 1777 1042 lectica
1795 988 1849 1042 in
1868 998 2071 1058 castra,

361 1094 414 1139 et
443 1082 572 1139 inde
597 1084 796 1161 raptim
819 1082 1102 1162 appellatis
1120 1083 1382 1139 militibus
1403 1085 1460 1139 in
1487 1086 1711 1142 Curiam
1731 1085 1940 1142 delatus
1965 1099 2070 1159 est,

360 1183 710 1260 discessitque
734 1184 847 1259 jam
881 1185 1124 1260 vesperi,
1154 1204 1220 1239 ex
1249 1185 1550 1255 immensiS,
1577 1185 1775 1261 quibus
1821 1187 2068 1242 cumula-

359 1283 546 1352 batur,
578 1284 910 1353 honoribus,
953 1295 1164 1340 tantum
1206 1285 1375 1362 patris
1422 1284 1610 1362 patriae
1652 1287 1874 1342 nomine
1913 1307 2071 1342 recu-

359 1395 476 1438 sato
495 1425 509 1452 ,
540 1393 763 1459 propter
786 1394 1013 1438 aetatem.
1294 1449 1306 1454 -
1714 1379 1716 1382 ’

435 1485 535 1540 ΙΧ.
563 1487 735 1539 Orsus
763 1483 893 1538 hinc
921 1503 952 1538 a
976 1483 1194 1560 pietatis
1213 1485 1576 1540 ostentatione
1595 1527 1609 1556 ,
1637 1483 1962 1560 Claudium,
1984 1509 2072 1566 ap-

359 1583 698 1660 paratissimo
728 1582 920 1639 funere
947 1582 1177 1653 elatum,
1203 1582 1448 1640 laudavit
1476 1588 1939 1663 consecravitque.
1959 1592 2072 1646 Me-

355 1683 541 1738 moriae
582 1683 813 1739 Domitii
851 1683 1022 1760 patris
1068 1683 1304 1739 honores
1345 1684 1611 1740 maximos
1659 1685 1868 1743 habuit.
1901 1690 2069 1744 Matri

356 1803 622 1838 summam
674 1783 920 1838 omnium
976 1803 1160 1838 rerum
1219 1775 1562 1859 publicarum
1620 1785 2069 1864 privatarumque

356 1882 618 1958 permisit.
644 1882 828 1938 Primo
854 1882 1019 1938 etiam
1046 1883 1259 1959 imperii
1285 1882 1371 1938 die
1404 1884 1620 1960 signum
1650 1886 1937 1942 excubanti
1968 1889 2063 1942 tri-

354 1980 507 2037 buno
537 1980 686 2037 dedit
714 2006 741 2034 «
764 1982 1047 2058 Optimam
1077 1994 1310 2038 matrem
1344 2004 1357 2038 ε
1383 2005 1410 2035 >>
1436 2004 1498 2038 ac
1529 1983 1784 2061 deinceps
1821 1986 2064 2062 ejusdem

352 2101 492 2158 saepe
517 2079 708 2137 lectica
733 2102 830 2158 per
845 2080 1126 2158 publicum
1154 2080 1314 2138 simul
1342 2094 1528 2138 vectus
1555 2095 1648 2139 est.
1677 2086 1901 2142 Antium
1922 2085 2066 2142 colo-

353 2181 498 2236 niam
524 2180 747 2237 deduxit
765 2221 780 2251 ,
808 2182 1059 2258 ascriptis
1090 2182 1361 2237 veteranis
1391 2201 1421 2236 e
1446 2183 1703 2258 praetorio
1723 2226 1736 2252 ,
1759 2183 2066 2261 additisque

349 2300 450 2356 per
500 2279 759 2337 domicilii
809 2280 1217 2337 translationem
1266 2280 1546 2337 ditissimis
1591 2282 2008 2360 primipilarium
2047 2305 2060 2339 :

348 2380 444 2435 ubi
473 2392 527 2436 et
554 2392 778 2457 portum
805 2381 986 2457 operis
1020 2381 1436 2436 sumtuosissimi
1465 2380 1606 2436 fecit.

426 2481 495 2536 X.
540 2482 754 2557 Atque,
789 2493 851 2536 ut
894 2480 1180 2536 certiorem
1218 2479 1399 2534 adhuc
1434 2478 1678 2536 indolem
1715 2481 2060 2555 ostenderet,

345 2603 373 2632 «
393 2600 459 2635 ex
496 2581 730 2656 Augusti
775 2579 1089 2656 praescripto
1138 2575 1535 2653 imperaturum
1577 2600 1666 2648 se,
1687 2603 1713 2631 2>
1748 2580 2058 2657 professuS‚

344 2698 522 2754 neque
555 2676 922 2747 liberalitatis,
956 2698 1135 2754 neque
1165 2676 1491 2749 clementiae,
1526 2699 1624 2734 nec
1649 2681 1919 2736 comitatis
1943 2682 2058 2757 qui-

345 2777 468 2833 dem
511 2776 826 2835 exhibendae
861 2776 1031 2832 ullam
1060 2777 1398 2833 occasionem
1431 2778 1630 2833 omisit.
1663 2780 1932 2836 Graviora
1967 2801 2058 2836 ve-

343 2876 561 2955 ctigalia
605 2889 700 2933 aut
741 2875 1008 2947 abolevit,
1054 2886 1150 2932 aut
1196 2877 1413 2932 minuit.
1468 2878 1697 2933 Praemia
1751 2877 2053 2935 delatorum

341 2978 519 3054 Papiae
564 2975 695 3055 legis
736 2976 806 3032 ad
856 2989 1076 3053 quartas
1103 2976 1325 3053 redegit.
1366 2977 1566 3033 Divisis
1602 2977 1808 3054 populo
1849 2979 2050 3034 viritim

341 3076 727 3154 quadringenis
774 3078 1042 3145 nummis,
1084 3088 1395 3131 senatorum
1433 3075 1771 3132 nobilissimo
1817 3078 2048 3152 cuique,

343 3175 436 3233 sed
457 3197 486 3232 a
507 3195 566 3232 re
594 3176 847 3233 familiari
867 3176 1154 3248 destituto,
1180 3196 1361 3232 annua
1387 3175 1582 3232 salaria
1600 3218 1614 3247 ,
1642 3189 1696 3231 et
1721 3176 2042 3251 quibusdam

342 3276 642 3353 quingena,
671 3277 955 3333 constituit
990 3298 1002 3331 :
1035 3276 1163 3331 item
1200 3277 1536 3352 praetorianis
1572 3273 1888 3331 cohortibus
1936 3275 2049 3331 fru-
