2372 3918
392 245 410 274 1
419 230 478 275 08
1032 231 1080 276 C.
1115 231 1399 278 SUETONII

385 335 492 388 rire
528 353 541 387 :
579 346 826 390 senatum
867 336 1183 391 exterritum
1222 335 1491 391 censuisse
1529 353 1597 389 ne
1636 334 1756 409 quis
1796 332 1890 390 illo
1928 354 2072 390 anno

385 434 599 510 genitus
633 433 978 507 educaretur3
1005 455 1121 506 θος,
1150 435 1246 511 qui
1274 434 1522 513 gravidas
1553 454 1749 491 uxores
1779 435 2073 504 haberent,

385 532 533 609 quod
575 532 644 589 ad
691 554 746 590 se
791 534 1017 610 quisque
1060 554 1209 610 spem
1247 534 1519 607 traheret,
1558 554 1775 591 curasse
1814 554 1883 589 ne
1922 553 2076 590 sena-

385 632 785 689 tusconsultum
836 631 905 687 ad
952 633 1200 696 aerarium
1256 632 1571 714 deferretur.
1625 636 1692 690 In
1742 631 2077 710 Asclepiadis

382 732 649 789 Mendetis
687 726 1105 806 Θεολογουμὲνων
1157 730 1310 788 libris
1355 730 1509 809 lego,
1549 734 1758 804 Atiam,
1801 752 1971 808 quum
2014 730 2079 786 ad

384 831 640 887 sollemne
669 829 935 910 Apollinis
963 851 1176 888 sacrum
1211 830 1389 887 media
1419 843 1577 887 nocte
1606 833 1873 902 venisset,
1905 831 2080 907 posita

343 1004 345 1007 ι
384 932 440 986 in
470 930 674 1008 templo
709 930 931 1000 lectica,
960 931 1091 987 dum
1129 941 1316 987 ceterae
1346 943 1608 987 matronae
1641 931 1865 988 domum
1901 933 2072 1002 irent,

384 1029 747 1099 obdormisse;
778 1031 1069 1088 draconem
1100 1042 1324 1108 repente
1356 1032 1634 1109 irrepsisse
1663 1031 1732 1086 ad
1760 1051 1907 1101 eam,
1939 1051 2074 1107 pau-

382 1129 544 1208 loque
574 1141 694 1207 post
728 1152 1036 1208 egressum3
1071 1130 1327 1207 illamque
1358 1130 1821 1210 expergefactam,
1857 1131 2010 1208 quasi
2045 1150 2078 1184 a

383 1231 677 1286 concubitu
717 1232 928 1304 mariti,
963 1231 1274 1308 purificasse
1313 1251 1369 1287 se
1400 1252 1413 1287 ε
1450 1243 1505 1288 et
1538 1232 1720 1287 statim
1753 1232 1811 1287 in
1843 1251 2075 1308 corpore

383 1330 496 1404 ejus
544 1330 809 1387 exstitisse
855 1330 1157 1402 maculam,
1201 1329 1353 1387 velut
1397 1331 1611 1407 depicti,
1639 1331 1925 1402 draconiS,
1973 1351 2075 1387 nec

382 1429 619 1504 potuisse
658 1450 900 1506 unquam
941 1432 1114 1508 exigi,
1152 1430 1286 1486 adeo
1319 1442 1382 1485 ut
1415 1451 1544 1486 mox
1583 1429 1815 1507 publicis
1851 1428 2080 1486 balineis

382 1541 648 1605 perpetuo
676 1529 1004 1587 abstinuerit
1030 1551 1042 1585 t
1069 1532 1379 1607 Augustum
1406 1541 1596 1585 natum
1623 1550 1810 1585 mense
1837 1529 2080 1602 decimO,

383 1639 436 1683 et
475 1628 545 1683 ob
585 1628 689 1683 hoc
727 1627 994 1705 Apollinis
1033 1629 1208 1684 filium
1253 1630 1636 1685 existimatum.
1679 1629 1886 1685 Eadem
1924 1631 2082 1701 Atia,

383 1727 735 1803 priusquam
777 1739 1019 1804 pareret,
1054 1729 1373 1801 somniavit,
1410 1728 1665 1784 intestina
1706 1749 1803 1784 sua
1842 1728 1970 1785 ferri
2011 1729 2079 1784 ad

384 1825 586 1899 sidera,
619 1826 982 1905 explicarique
1012 1849 1110 1905 per
1140 1850 1355 1885 omnem
1386 1841 1658 1885 terrarum
1676 1840 1729 1885 et
1757 1827 1878 1885 coeli
1910 1830 2083 1885 ambi-

385 1938 517 1982 tum.
565 1929 868 1984 Somniavit
913 1940 967 1984 et
991 1921 1163 2007 ‘pater
1205 1930 1498 2003 OctaviuS‚
1549 1941 1704 1985 utero
1747 1930 1883 1987 Atiae
1920 1929 2084 2005 jubar

382 2026 507 2083 solis
555 2040 821 2084 exortum.
867 2031 997 2103 Quo
1038 2042 1198 2086 natus
1240 2042 1322 2087 est
1363 2031 1474 2102 die,
1513 2051 1684 2106 quum
1728 2030 1795 2085 de
1835 2028 2082 2086 Catilinae

382 2127 757 2203 conjuratione
793 2140 1045 2206 ageretur
1084 2131 1141 2185 in
1179 2131 1359 2202 curia,
1396 2142 1450 2186 et
1489 2130 1751 2189 Octavius
1789 2130 1860 2185 ob
1902 2130 2086 2185 uxoris

380 2229 730 2303 puerperium
776 2218 965 2285 serius'
992 2229 1263 2302 affuisset,
1305 2241 1438 2286 nota
1480 2250 1543 2286 ac
1582 2229 1807 2307 vulgata
1848 2250 1932 2285 res
1976 2241 2085 2298 est,

381 2328 441 2382 P.
477 2328 788 2404 Nigidium,
823 2342 1103 2406 comperta
1136 2351 1302 2386 morae
1333 2350 1520 2402 causa,
1552 2341 1613 2385 ut
1640 2330 1833 2387 horam
1866 2348 2083 2405 quoque

382 2439 569 2503 partus
613 2429 1278 2505 acceperit,·affirmasse‚
1324 2429 1606 2485 dominum
1648 2440 1921 2485 terrarum
1960 2430 2080 2485 orbi

385 2540 590 2584 natum.
621 2530 851 2586 Octavio
876 2541 1088 2606 postea,
1117 2548 1288 2605 quum
1315 2547 1415 2605 per
1441 2541 1647 2585 secreta
1672 2530 1916 2585 Thraciae
1939 2550 2086 2585 exer-

383 2628 552 2683 citum
587 2628 834 2700 duceret,
863 2629 921 2684 in
953 2630 1136 2685 Liberi
1168 2630 1339 2705 patris
1369 2628 1494 2685 luco
1524 2616 1766 2685 barbara*
1787 2631 2084 2686 cerimonia

381 2727 447 2783 de
475 2726 587 2783 filio
615 2727 943 2798 consulenti,
972 2728 1116 2785 idem
1145 2729 1476 2785 affirmatum
1503 2741 1584 2785 est
1611 2749 1642 2784 a
1667 2729 2039 2786 sacerdotibus
2068 2751 2082 2785 ε

380 2827 556 2902 quod,
592 2827 771 2883 infuso
805 2849 968 2906 super
1002 2827 1193 2884 altaria
1230 2849 1406 2901 mem,
1445 2840 1658 2885 tantum
1688 2828 1916 2885 flammae
1946 2829 2078 2884 emi-

380 2923 600 2999 cuisset,
628 2939 690 2983 ut
710 2948 1057 3005 supergressa
1081 2922 1360 3005 fastigium
1380 2927 1569 3005 templi
1592 2928 1666 2984 ad>
1686 2927 1882 2985 coelum
1909 2949 2080 3004 usque

379 3026 646 3100 ferretur3
695 3028 900 3103 unique
949 3022 1163 3106 [olim]
1213 3028 1438 3083 omnino
1486 3030 1692 3106 Magno
1737 3027 2079 3100 Alexandro,

379 3125 524 3203 apud
549 3126 764 3182 easdem
798 3147 918 3183 aras
948 3126 1300 3198 sacrificanti,
1333 3125 1505 3182 simile
1533 3127 1872 3204 provenisset
1901 3138 2080 3182 osten-

380 3235 511 3280 tum.
548 3228 726 3301 Atque
761 3227 923 3281 etiam
946 3224 1263 3300 ‘insequenti
1303 3228 1484 3281 statim
1518 3239 1674 3282 nocte
1709 3225 1892 3280 videre
1931 3227 2079 3283 visus
