<?xml version="1.0" encoding="UTF-8"?>
<!DOCTYPE html PUBLIC "-//W3C//DTD XHTML 1.0 Transitional//EN"
    "http://www.w3.org/TR/xhtml1/DTD/xhtml1-transitional.dtd">
<html xmlns="http://www.w3.org/1999/xhtml" xml:lang="en" lang="en">
 <head>
  <title>
</title>
<meta http-equiv="Content-Type" content="text/html;charset=utf-8" />
  <meta name='ocr-system' content='tesseract 3.04.00' />
  <meta name='ocr-capabilities' content='ocr_page ocr_carea ocr_par ocr_line ocrx_word'/>
</head>
<body>
  <div class='ocr_page' id='page_1' title='image "./operasuet00suetuoft_0211.png"; bbox 0 0 2372 3918; ppageno 0'>
   <div class='ocr_carea' id='block_1_1' title="bbox 0 2545 12 3918">
    <p class='ocr_par' dir='ltr' id='par_1_1' title="bbox 0 2545 12 3918">
     <span class='ocr_line' id='line_1_1' title="bbox 0 2545 12 3918; baseline 0 0"><span class='ocrx_word' id='word_1_1' title='bbox 0 2545 12 3918; x_wconf 95' lang='lat' dir='ltr'><strong> </strong></span> 
     </span>
    </p>
   </div>
   <div class='ocr_carea' id='block_1_2' title="bbox 919 259 1937 312">
    <p class='ocr_par' dir='ltr' id='par_1_2' title="bbox 919 259 1937 312">
     <span class='ocr_line' id='line_1_2' title="bbox 919 259 1937 312; baseline 0 -5"><span class='ocrx_word' id='word_1_2' title='bbox 919 260 1246 312; x_wconf 78' lang='lat' dir='ltr'>CALIGULA.</span> <span class='ocrx_word' id='word_1_3' title='bbox 1849 276 1865 306; x_wconf 80' lang='grc' dir='ltr'><strong>ι</strong></span> <span class='ocrx_word' id='word_1_4' title='bbox 1877 259 1937 308; x_wconf 83' lang='lat'><strong>83</strong></span> 
     </span>
    </p>
   </div>
   <div class='ocr_carea' id='block_1_3' title="bbox 138 362 1942 3347">
    <p class='ocr_par' dir='ltr' id='par_1_3' title="bbox 138 362 1939 1642">
     <span class='ocr_line' id='line_1_3' title="bbox 230 362 1935 449; baseline -0.002 -22"><span class='ocrx_word' id='word_1_5' title='bbox 230 369 449 449; x_wconf 84' lang='lat' dir='ltr'><strong>publico</strong></span> <span class='ocrx_word' id='word_1_6' title='bbox 489 367 650 446; x_wconf 87' lang='lat' dir='ltr'><strong>epulo</strong></span> <span class='ocrx_word' id='word_1_7' title='bbox 693 386 942 435; x_wconf 84' lang='lat' dir='ltr'><strong>servum,</strong></span> <span class='ocrx_word' id='word_1_8' title='bbox 979 364 1050 421; x_wconf 91' lang='lat' dir='ltr'><strong>ob</strong></span> <span class='ocrx_word' id='word_1_9' title='bbox 1086 362 1385 420; x_wconf 78' lang='lat' dir='ltr'><strong>detractam</strong></span> <span class='ocrx_word' id='word_1_10' title='bbox 1428 363 1579 420; x_wconf 86' lang='lat' dir='ltr'><strong>lectis</strong></span> <span class='ocrx_word' id='word_1_11' title='bbox 1623 378 1935 444; x_wconf 77' lang='lat' dir='ltr'><strong>argenteam</strong></span> 
     </span>
     <span class='ocr_line' id='line_1_4' title="bbox 231 461 1933 542; baseline -0.002 -15"><span class='ocrx_word' id='word_1_12' title='bbox 231 470 516 542; x_wconf 89' lang='lat' dir='ltr'><strong>laminam,</strong></span> <span class='ocrx_word' id='word_1_13' title='bbox 541 465 782 525; x_wconf 87' lang='lat' dir='ltr'><strong>carnifici</strong></span> <span class='ocrx_word' id='word_1_14' title='bbox 809 462 1096 521; x_wconf 84' lang='lat' dir='ltr'><strong>confestim</strong></span> <span class='ocrx_word' id='word_1_15' title='bbox 1123 461 1377 533; x_wconf 82' lang='lat' dir='ltr'><strong>tradidit,</strong></span> <span class='ocrx_word' id='word_1_16' title='bbox 1395 474 1456 518; x_wconf 92' lang='lat' dir='ltr'><strong>ut</strong></span> <span class='ocrx_word' id='word_1_17' title='bbox 1482 464 1735 521; x_wconf 80' lang='lat' dir='ltr'><strong>manibus</strong></span> <span class='ocrx_word' id='word_1_18' title='bbox 1761 466 1933 524; x_wconf 83' lang='lat' dir='ltr'><strong>absci-</strong></span> 
     </span>
     <span class='ocr_line' id='line_1_5' title="bbox 230 561 1934 647; baseline -0.002 -20"><span class='ocrx_word' id='word_1_19' title='bbox 230 571 301 627; x_wconf 84' lang='lat' dir='ltr'><strong>sis</strong></span> <span class='ocrx_word' id='word_1_20' title='bbox 319 614 335 643; x_wconf 91' lang='lat'><strong>,</strong></span> <span class='ocrx_word' id='word_1_21' title='bbox 365 581 528 647; x_wconf 91' lang='lat' dir='ltr'><strong>atque</strong></span> <span class='ocrx_word' id='word_1_22' title='bbox 558 578 687 626; x_wconf 86' lang='lat' dir='ltr'><strong>ante</strong></span> <span class='ocrx_word' id='word_1_23' title='bbox 717 577 905 642; x_wconf 89' lang='lat' dir='ltr'><strong>pectus</strong></span> <span class='ocrx_word' id='word_1_24' title='bbox 932 585 963 621; x_wconf 90' lang='lat' dir='ltr'><strong>e</strong></span> <span class='ocrx_word' id='word_1_25' title='bbox 998 563 1142 621; x_wconf 92' lang='lat' dir='ltr'><strong>collo</strong></span> <span class='ocrx_word' id='word_1_26' title='bbox 1174 561 1565 642; x_wconf 89' lang='lat' dir='ltr'><strong>pendentibus,</strong></span> <span class='ocrx_word' id='word_1_27' title='bbox 1595 566 1934 642; x_wconf 84' lang='lat' dir='ltr'><strong>praecedente</strong></span> 
     </span>
     <span class='ocr_line' id='line_1_6' title="bbox 231 663 1933 746; baseline -0.002 -20"><span class='ocrx_word' id='word_1_28' title='bbox 231 668 427 740; x_wconf 89' lang='lat' dir='ltr'><strong>titulo,</strong></span> <span class='ocrx_word' id='word_1_29' title='bbox 454 668 553 746; x_wconf 79' lang='lat' dir='ltr'><strong>qui</strong></span> <span class='ocrx_word' id='word_1_30' title='bbox 580 686 799 725; x_wconf 90' lang='lat' dir='ltr'><strong>causam</strong></span> <span class='ocrx_word' id='word_1_31' title='bbox 834 686 1008 743; x_wconf 85' lang='lat' dir='ltr'><strong>poenae</strong></span> <span class='ocrx_word' id='word_1_32' title='bbox 1038 663 1338 738; x_wconf 91' lang='lat' dir='ltr'><strong>indicaret,</strong></span> <span class='ocrx_word' id='word_1_33' title='bbox 1374 684 1474 741; x_wconf 90' lang='lat' dir='ltr'><strong>per</strong></span> <span class='ocrx_word' id='word_1_34' title='bbox 1507 676 1681 721; x_wconf 83' lang='lat' dir='ltr'><strong>coetus</strong></span> <span class='ocrx_word' id='word_1_35' title='bbox 1706 664 1933 742; x_wconf 86' lang='lat' dir='ltr'><strong>epulan·</strong></span> 
     </span>
     <span class='ocr_line' id='line_1_7' title="bbox 231 761 1936 833; baseline -0.003 -8"><span class='ocrx_word' id='word_1_36' title='bbox 231 771 367 825; x_wconf 91' lang='lat' dir='ltr'><strong>tium</strong></span> <span class='ocrx_word' id='word_1_37' title='bbox 413 765 929 825; x_wconf 89' lang='lat' dir='ltr'><strong>circumduceretur.</strong></span> <span class='ocrx_word' id='word_1_38' title='bbox 983 763 1382 821; x_wconf 86' lang='lat' dir='ltr'><strong>Mirmillonem</strong></span> <span class='ocrx_word' id='word_1_39' title='bbox 1425 784 1455 819; x_wconf 89' lang='lat' dir='ltr'><strong>e</strong></span> <span class='ocrx_word' id='word_1_40' title='bbox 1498 761 1664 833; x_wconf 92' lang='lat' dir='ltr'><strong>ludo,</strong></span> <span class='ocrx_word' id='word_1_41' title='bbox 1708 763 1936 820; x_wconf 88' lang='lat' dir='ltr'><strong>rudibus</strong></span> 
     </span>
     <span class='ocr_line' id='line_1_8' title="bbox 138 851 1937 942; baseline -0.003 -16"><span class='ocrx_word' id='word_1_42' title='bbox 138 851 146 859; x_wconf 35' lang='grc' dir='ltr'>ι</span> <span class='ocrx_word' id='word_1_43' title='bbox 229 888 409 925; x_wconf 92' lang='lat' dir='ltr'><strong>secum</strong></span> <span class='ocrx_word' id='word_1_44' title='bbox 435 868 775 937; x_wconf 86' lang='lat' dir='ltr'><strong>batuentem,</strong></span> <span class='ocrx_word' id='word_1_45' title='bbox 797 876 852 921; x_wconf 87' lang='lat' dir='ltr'><strong>et</strong></span> <span class='ocrx_word' id='word_1_46' title='bbox 875 876 1070 942; x_wconf 86' lang='lat' dir='ltr'><strong>sponte</strong></span> <span class='ocrx_word' id='word_1_47' title='bbox 1095 876 1430 942; x_wconf 90' lang='lat' dir='ltr'><strong>prostratum</strong></span> <span class='ocrx_word' id='word_1_48' title='bbox 1447 907 1462 933; x_wconf 87' lang='lat'><strong>,</strong></span> <span class='ocrx_word' id='word_1_49' title='bbox 1489 862 1738 920; x_wconf 85' lang='lat' dir='ltr'><strong>confodit</strong></span> <span class='ocrx_word' id='word_1_50' title='bbox 1760 862 1937 921; x_wconf 88' lang='lat' dir='ltr'><strong>ferrea</strong></span> 
     </span>
     <span class='ocr_line' id='line_1_9' title="bbox 226 962 1932 1041; baseline -0.001 -17"><span class='ocrx_word' id='word_1_51' title='bbox 226 969 364 1039; x_wconf 90' lang='lat' dir='ltr'><strong>sica,</strong></span> <span class='ocrx_word' id='word_1_52' title='bbox 392 988 455 1024; x_wconf 91' lang='lat' dir='ltr'><strong>ac</strong></span> <span class='ocrx_word' id='word_1_53' title='bbox 484 985 636 1022; x_wconf 89' lang='lat' dir='ltr'><strong>more</strong></span> <span class='ocrx_word' id='word_1_54' title='bbox 661 966 933 1022; x_wconf 87' lang='lat' dir='ltr'><strong>victorum</strong></span> <span class='ocrx_word' id='word_1_55' title='bbox 964 985 1088 1021; x_wconf 90' lang='lat' dir='ltr'><strong>cum</strong></span> <span class='ocrx_word' id='word_1_56' title='bbox 1118 962 1295 1041; x_wconf 86' lang='lat' dir='ltr'><strong>palma</strong></span> <span class='ocrx_word' id='word_1_57' title='bbox 1325 964 1668 1021; x_wconf 87' lang='lat' dir='ltr'><strong>discucurrit.</strong></span> <span class='ocrx_word' id='word_1_58' title='bbox 1694 962 1932 1022; x_wconf 85' lang='lat' dir='ltr'><strong>Admota</strong></span> 
     </span>
     <span class='ocr_line' id='line_1_10' title="bbox 225 1062 1939 1142; baseline -0.002 -18"><span class='ocrx_word' id='word_1_59' title='bbox 225 1066 487 1124; x_wconf 85' lang='lat' dir='ltr'><strong>altaribus</strong></span> <span class='ocrx_word' id='word_1_60' title='bbox 514 1065 761 1137; x_wconf 83' lang='lat' dir='ltr'><strong>victima,</strong></span> <span class='ocrx_word' id='word_1_61' title='bbox 786 1064 1090 1122; x_wconf 88' lang='lat' dir='ltr'><strong>succinctus</strong></span> <span class='ocrx_word' id='word_1_62' title='bbox 1119 1083 1388 1142; x_wconf 89' lang='lat' dir='ltr'><strong>poparum</strong></span> <span class='ocrx_word' id='word_1_63' title='bbox 1413 1063 1630 1135; x_wconf 86' lang='lat' dir='ltr'><strong>habitu,</strong></span> <span class='ocrx_word' id='word_1_64' title='bbox 1658 1062 1803 1121; x_wconf 91' lang='lat' dir='ltr'><strong>elato</strong></span> <span class='ocrx_word' id='word_1_65' title='bbox 1832 1064 1939 1121; x_wconf 87' lang='lat' dir='ltr'><strong>alte</strong></span> 
     </span>
     <span class='ocr_line' id='line_1_11' title="bbox 226 1164 1933 1240; baseline -0.001 -17"><span class='ocrx_word' id='word_1_66' title='bbox 226 1165 423 1223; x_wconf 90' lang='lat' dir='ltr'><strong>malleo</strong></span> <span class='ocrx_word' id='word_1_67' title='bbox 442 1210 459 1240; x_wconf 88' lang='lat'>‚</span> <span class='ocrx_word' id='word_1_68' title='bbox 488 1164 811 1223; x_wconf 88' lang='lat' dir='ltr'><strong>cultrarium</strong></span> <span class='ocrx_word' id='word_1_69' title='bbox 845 1166 1117 1222; x_wconf 83' lang='lat' dir='ltr'><strong>mactavit.</strong></span> <span class='ocrx_word' id='word_1_70' title='bbox 1146 1165 1409 1221; x_wconf 88' lang='lat' dir='ltr'><strong>Lautiore</strong></span> <span class='ocrx_word' id='word_1_71' title='bbox 1440 1164 1695 1220; x_wconf 88' lang='lat' dir='ltr'><strong>convivio</strong></span> <span class='ocrx_word' id='word_1_72' title='bbox 1725 1164 1933 1222; x_wconf 82' lang='lat' dir='ltr'><strong>effusus</strong></span> 
     </span>
     <span class='ocr_line' id='line_1_12' title="bbox 225 1263 1933 1341; baseline -0.002 -17"><span class='ocrx_word' id='word_1_73' title='bbox 225 1267 405 1324; x_wconf 90' lang='lat' dir='ltr'><strong>subito</strong></span> <span class='ocrx_word' id='word_1_74' title='bbox 439 1267 494 1322; x_wconf 92' lang='lat' dir='ltr'><strong>in</strong></span> <span class='ocrx_word' id='word_1_75' title='bbox 535 1266 865 1336; x_wconf 81' lang='lat' dir='ltr'><strong>cachinnOS,</strong></span> <span class='ocrx_word' id='word_1_76' title='bbox 906 1263 1222 1321; x_wconf 89' lang='lat' dir='ltr'><strong>consulibus</strong></span> <span class='ocrx_word' id='word_1_77' title='bbox 1244 1308 1258 1335; x_wconf 95' lang='lat'><strong>,</strong></span> <span class='ocrx_word' id='word_1_78' title='bbox 1299 1265 1393 1341; x_wconf 90' lang='lat' dir='ltr'><strong>qui</strong></span> <span class='ocrx_word' id='word_1_79' title='bbox 1421 1265 1581 1341; x_wconf 83' lang='lat' dir='ltr'><strong>juxta</strong></span> <span class='ocrx_word' id='word_1_80' title='bbox 1615 1264 1894 1321; x_wconf 83' lang='lat' dir='ltr'><strong>cubabant</strong></span> <span class='ocrx_word' id='word_1_81' title='bbox 1918 1309 1933 1335; x_wconf 89' lang='lat'><strong>,</strong></span> 
     </span>
     <span class='ocr_line' id='line_1_13' title="bbox 226 1364 1938 1443; baseline 0 -21"><span class='ocrx_word' id='word_1_82' title='bbox 226 1365 488 1443; x_wconf 86' lang='lat' dir='ltr'><strong>quidnam</strong></span> <span class='ocrx_word' id='word_1_83' title='bbox 521 1365 753 1439; x_wconf 85' lang='lat' dir='ltr'><strong>rideret,</strong></span> <span class='ocrx_word' id='word_1_84' title='bbox 783 1364 985 1422; x_wconf 86' lang='lat' dir='ltr'><strong>blande</strong></span> <span class='ocrx_word' id='word_1_85' title='bbox 1016 1365 1385 1442; x_wconf 87' lang='lat' dir='ltr'><strong>quaerentibus</strong></span> <span class='ocrx_word' id='word_1_86' title='bbox 1411 1387 1423 1421; x_wconf 90' lang='lat'>:</span> <span class='ocrx_word' id='word_1_87' title='bbox 1454 1389 1479 1417; x_wconf 79' lang='grc' dir='ltr'>α</span> <span class='ocrx_word' id='word_1_88' title='bbox 1508 1364 1692 1438; x_wconf 83' lang='lat' dir='ltr'><strong>Quid,</strong></span> <span class='ocrx_word' id='word_1_89' title='bbox 1723 1366 1903 1442; x_wconf 90' lang='lat' dir='ltr'><strong>inquit</strong></span> <span class='ocrx_word' id='word_1_90' title='bbox 1923 1409 1938 1437; x_wconf 95' lang='lat'><strong>,</strong></span> 
     </span>
     <span class='ocr_line' id='line_1_14' title="bbox 229 1463 1932 1543; baseline 0 -21"><span class='ocrx_word' id='word_1_91' title='bbox 229 1467 332 1522; x_wconf 89' lang='lat' dir='ltr'><strong>nisi</strong></span> <span class='ocrx_word' id='word_1_92' title='bbox 366 1486 478 1522; x_wconf 90' lang='lat' dir='ltr'><strong>uno</strong></span> <span class='ocrx_word' id='word_1_93' title='bbox 517 1486 640 1522; x_wconf 88' lang='lat' dir='ltr'><strong>meo</strong></span> <span class='ocrx_word' id='word_1_94' title='bbox 675 1477 822 1522; x_wconf 66' lang='lat' dir='ltr'><strong>=nutu</strong></span> <span class='ocrx_word' id='word_1_95' title='bbox 857 1463 1094 1543; x_wconf 84' lang='lat' dir='ltr'><strong>jugulari</strong></span> <span class='ocrx_word' id='word_1_96' title='bbox 1131 1476 1426 1543; x_wconf 90' lang='lat' dir='ltr'><strong>utrumque</strong></span> <span class='ocrx_word' id='word_1_97' title='bbox 1469 1477 1710 1521; x_wconf 89' lang='lat' dir='ltr'><strong>vestrum</strong></span> <span class='ocrx_word' id='word_1_98' title='bbox 1748 1466 1932 1523; x_wconf 87' lang='lat' dir='ltr'><strong>statim</strong></span> 
     </span>
     <span class='ocr_line' id='line_1_15' title="bbox 228 1565 479 1642; baseline -0.012 -20"><span class='ocrx_word' id='word_1_99' title='bbox 228 1565 424 1642; x_wconf 78' lang='lat' dir='ltr'><strong>posse?</strong></span> <span class='ocrx_word' id='word_1_100' title='bbox 451 1591 479 1619; x_wconf 70' lang='lat' dir='ltr'>n</span> 
     </span>
    </p>

    <p class='ocr_par' dir='ltr' id='par_1_4' title="bbox 223 1665 1940 2542">
     <span class='ocr_line' id='line_1_16' title="bbox 305 1665 1939 1742; baseline 0.001 -22"><span class='ocrx_word' id='word_1_101' title='bbox 305 1668 564 1722; x_wconf 86' lang='lat' dir='ltr'>XXXIII.</span> <span class='ocrx_word' id='word_1_102' title='bbox 592 1668 740 1722; x_wconf 86' lang='lat' dir='ltr'><strong>Inter</strong></span> <span class='ocrx_word' id='word_1_103' title='bbox 765 1667 943 1721; x_wconf 86' lang='lat' dir='ltr'><strong>varios</strong></span> <span class='ocrx_word' id='word_1_104' title='bbox 963 1666 1140 1741; x_wconf 79' lang='lat' dir='ltr'><strong>jocos,</strong></span> <span class='ocrx_word' id='word_1_105' title='bbox 1164 1686 1336 1742; x_wconf 88' lang='lat' dir='ltr'><strong>quum</strong></span> <span class='ocrx_word' id='word_1_106' title='bbox 1366 1666 1620 1722; x_wconf 88' lang='lat' dir='ltr'><strong>assistens</strong></span> <span class='ocrx_word' id='word_1_107' title='bbox 1646 1665 1939 1722; x_wconf 88' lang='lat' dir='ltr'><strong>simulacro</strong></span> 
     </span>
     <span class='ocr_line' id='line_1_17' title="bbox 227 1764 1938 1843; baseline 0.001 -22"><span class='ocrx_word' id='word_1_108' title='bbox 227 1767 378 1822; x_wconf 87' lang='lat' dir='ltr'><strong>Jovis</strong></span> <span class='ocrx_word' id='word_1_109' title='bbox 420 1764 667 1842; x_wconf 90' lang='lat' dir='ltr'><strong>Apellem</strong></span> <span class='ocrx_word' id='word_1_110' title='bbox 710 1766 1011 1843; x_wconf 84' lang='lat' dir='ltr'><strong>tragoedum</strong></span> <span class='ocrx_word' id='word_1_111' title='bbox 1047 1766 1440 1837; x_wconf 89' lang='lat' dir='ltr'><strong>consuluisset,</strong></span> <span class='ocrx_word' id='word_1_112' title='bbox 1486 1778 1610 1822; x_wconf 87' lang='lat' dir='ltr'><strong>uter</strong></span> <span class='ocrx_word' id='word_1_113' title='bbox 1646 1765 1726 1821; x_wconf 90' lang='lat' dir='ltr'><strong>illi</strong></span> <span class='ocrx_word' id='word_1_114' title='bbox 1760 1768 1938 1843; x_wconf 88' lang='lat' dir='ltr'><strong>major</strong></span> 
     </span>
     <span class='ocr_line' id='line_1_18' title="bbox 225 1864 1935 1943; baseline 0.002 -24"><span class='ocrx_word' id='word_1_115' title='bbox 225 1864 519 1936; x_wconf 89' lang='lat' dir='ltr'><strong>videretur,</strong></span> <span class='ocrx_word' id='word_1_116' title='bbox 544 1877 892 1921; x_wconf 88' lang='lat' dir='ltr'><strong>cunctantem</strong></span> <span class='ocrx_word' id='word_1_117' title='bbox 927 1864 1153 1943; x_wconf 86' lang='lat' dir='ltr'><strong>flagellis</strong></span> <span class='ocrx_word' id='word_1_118' title='bbox 1188 1864 1431 1936; x_wconf 87' lang='lat' dir='ltr'><strong>discidit,</strong></span> <span class='ocrx_word' id='word_1_119' title='bbox 1454 1864 1774 1922; x_wconf 88' lang='lat' dir='ltr'><strong>collaudans</strong></span> <span class='ocrx_word' id='word_1_120' title='bbox 1804 1866 1935 1922; x_wconf 90' lang='lat' dir='ltr'><strong>sub-</strong></span> 
     </span>
     <span class='ocr_line' id='line_1_19' title="bbox 225 1965 1938 2044; baseline 0.001 -24"><span class='ocrx_word' id='word_1_121' title='bbox 225 1965 349 2021; x_wconf 90' lang='lat' dir='ltr'><strong>inde</strong></span> <span class='ocrx_word' id='word_1_122' title='bbox 377 1986 566 2022; x_wconf 87' lang='lat' dir='ltr'><strong>vocem</strong></span> <span class='ocrx_word' id='word_1_123' title='bbox 597 1965 964 2044; x_wconf 82' lang='lat' dir='ltr'><strong>deprecantiS,</strong></span> <span class='ocrx_word' id='word_1_124' title='bbox 996 1966 1150 2042; x_wconf 90' lang='lat' dir='ltr'><strong>quasi</strong></span> <span class='ocrx_word' id='word_1_125' title='bbox 1185 1967 1346 2022; x_wconf 87' lang='lat' dir='ltr'><strong>etiam</strong></span> <span class='ocrx_word' id='word_1_126' title='bbox 1379 1967 1433 2022; x_wconf 87' lang='lat' dir='ltr'><strong>in</strong></span> <span class='ocrx_word' id='word_1_127' title='bbox 1464 1967 1671 2044; x_wconf 83' lang='lat' dir='ltr'><strong>gemitu</strong></span> <span class='ocrx_word' id='word_1_128' title='bbox 1702 1966 1938 2044; x_wconf 82' lang='lat' dir='ltr'><strong>praedul-</strong></span> 
     </span>
     <span class='ocr_line' id='line_1_20' title="bbox 223 2064 1935 2138; baseline 0.001 -18"><span class='ocrx_word' id='word_1_129' title='bbox 223 2086 359 2122; x_wconf 90' lang='lat' dir='ltr'><strong>cem.</strong></span> <span class='ocrx_word' id='word_1_130' title='bbox 387 2066 619 2138; x_wconf 88' lang='lat' dir='ltr'><strong>Quoties</strong></span> <span class='ocrx_word' id='word_1_131' title='bbox 652 2067 844 2123; x_wconf 85' lang='lat' dir='ltr'><strong>uxoris</strong></span> <span class='ocrx_word' id='word_1_132' title='bbox 877 2065 959 2121; x_wconf 87' lang='lat' dir='ltr'><strong>vcl</strong></span> <span class='ocrx_word' id='word_1_133' title='bbox 990 2064 1239 2122; x_wconf 82' lang='lat' dir='ltr'><strong>amiculae</strong></span> <span class='ocrx_word' id='word_1_134' title='bbox 1271 2064 1474 2122; x_wconf 90' lang='lat' dir='ltr'><strong>collum</strong></span> <span class='ocrx_word' id='word_1_135' title='bbox 1508 2065 1935 2138; x_wconf 86' lang='lat' dir='ltr'><strong>exoscularetur,</strong></span> 
     </span>
     <span class='ocr_line' id='line_1_21' title="bbox 225 2164 1937 2244; baseline 0.002 -24"><span class='ocrx_word' id='word_1_136' title='bbox 225 2164 490 2237; x_wconf 88' lang='lat' dir='ltr'><strong>addebat,</strong></span> <span class='ocrx_word' id='word_1_137' title='bbox 520 2191 546 2219; x_wconf 78' lang='grc' dir='ltr'><strong>α</strong></span> <span class='ocrx_word' id='word_1_138' title='bbox 569 2169 704 2222; x_wconf 91' lang='lat' dir='ltr'><strong>Tam</strong></span> <span class='ocrx_word' id='word_1_139' title='bbox 742 2166 888 2222; x_wconf 89' lang='lat' dir='ltr'><strong>bona</strong></span> <span class='ocrx_word' id='word_1_140' title='bbox 922 2167 1104 2222; x_wconf 84' lang='lat' dir='ltr'><strong>cervix</strong></span> <span class='ocrx_word' id='word_1_141' title='bbox 1125 2210 1140 2236; x_wconf 86' lang='lat'>‚</span> <span class='ocrx_word' id='word_1_142' title='bbox 1174 2166 1334 2222; x_wconf 90' lang='lat' dir='ltr'><strong>simul</strong></span> <span class='ocrx_word' id='word_1_143' title='bbox 1377 2186 1438 2222; x_wconf 91' lang='lat' dir='ltr'><strong>ac</strong></span> <span class='ocrx_word' id='word_1_144' title='bbox 1470 2167 1719 2244; x_wconf 87' lang='lat' dir='ltr'><strong>jusser0,</strong></span> <span class='ocrx_word' id='word_1_145' title='bbox 1751 2166 1937 2223; x_wconf 88' lang='lat' dir='ltr'><strong>deme-</strong></span> 
     </span>
     <span class='ocr_line' id='line_1_22' title="bbox 227 2265 1936 2344; baseline 0.002 -25"><span class='ocrx_word' id='word_1_146' title='bbox 227 2276 390 2320; x_wconf 90' lang='lat' dir='ltr'><strong>tetur.</strong></span> <span class='ocrx_word' id='word_1_147' title='bbox 423 2290 450 2318; x_wconf 72' lang='grc' dir='ltr'><strong>υ</strong></span> <span class='ocrx_word' id='word_1_148' title='bbox 487 2267 641 2339; x_wconf 89' lang='lat' dir='ltr'><strong>Quin</strong></span> <span class='ocrx_word' id='word_1_149' title='bbox 683 2278 737 2322; x_wconf 92' lang='lat' dir='ltr'><strong>et</strong></span> <span class='ocrx_word' id='word_1_150' title='bbox 778 2265 1008 2322; x_wconf 90' lang='lat' dir='ltr'><strong>subinde</strong></span> <span class='ocrx_word' id='word_1_151' title='bbox 1044 2266 1329 2343; x_wconf 87' lang='lat' dir='ltr'><strong>jactabat,</strong></span> <span class='ocrx_word' id='word_1_152' title='bbox 1372 2292 1398 2319; x_wconf 87' lang='lat'>«</span> <span class='ocrx_word' id='word_1_153' title='bbox 1436 2269 1836 2344; x_wconf 84' lang='lat' dir='ltr'><strong>exquisiturum</strong></span> <span class='ocrx_word' id='word_1_154' title='bbox 1881 2289 1936 2323; x_wconf 88' lang='lat' dir='ltr'><strong>se</strong></span> 
     </span>
     <span class='ocr_line' id='line_1_23' title="bbox 226 2363 1940 2444; baseline 0.004 -26"><span class='ocrx_word' id='word_1_155' title='bbox 226 2363 308 2420; x_wconf 88' lang='lat' dir='ltr'><strong>vel</strong></span> <span class='ocrx_word' id='word_1_156' title='bbox 341 2364 575 2422; x_wconf 83' lang='lat' dir='ltr'><strong>fidiculis</strong></span> <span class='ocrx_word' id='word_1_157' title='bbox 616 2366 683 2421; x_wconf 89' lang='lat' dir='ltr'><strong>de</strong></span> <span class='ocrx_word' id='word_1_158' title='bbox 715 2368 965 2424; x_wconf 79' lang='lat' dir='ltr'><strong>Caesonia</strong></span> <span class='ocrx_word' id='word_1_159' title='bbox 1003 2387 1136 2439; x_wconf 89' lang='lat' dir='ltr'><strong>sua,</strong></span> <span class='ocrx_word' id='word_1_160' title='bbox 1168 2387 1267 2423; x_wconf 90' lang='lat' dir='ltr'><strong>cur</strong></span> <span class='ocrx_word' id='word_1_161' title='bbox 1306 2388 1425 2423; x_wconf 91' lang='lat' dir='ltr'><strong>eam</strong></span> <span class='ocrx_word' id='word_1_162' title='bbox 1465 2379 1621 2424; x_wconf 90' lang='lat' dir='ltr'><strong>tanto</strong></span> <span class='ocrx_word' id='word_1_163' title='bbox 1655 2388 1822 2444; x_wconf 90' lang='lat' dir='ltr'><strong>opere</strong></span> <span class='ocrx_word' id='word_1_164' title='bbox 1858 2367 1940 2423; x_wconf 92' lang='lat' dir='ltr'><strong>di-</strong></span> 
     </span>
     <span class='ocr_line' id='line_1_24' title="bbox 226 2464 491 2542; baseline -0.004 -23"><span class='ocrx_word' id='word_1_165' title='bbox 226 2464 433 2542; x_wconf 73' lang='lat' dir='ltr'><strong>ligeret.</strong></span> <span class='ocrx_word' id='word_1_166' title='bbox 464 2491 491 2518; x_wconf 84' lang='lat'><strong>›&gt;</strong></span> 
     </span>
    </p>

    <p class='ocr_par' dir='ltr' id='par_1_5' title="bbox 224 2566 1942 3347">
     <span class='ocr_line' id='line_1_25' title="bbox 301 2566 1939 2647; baseline 0.002 -26"><span class='ocrx_word' id='word_1_167' title='bbox 301 2566 560 2623; x_wconf 83' lang='lat' dir='ltr'>XXXIV.</span> <span class='ocrx_word' id='word_1_168' title='bbox 594 2568 709 2623; x_wconf 87' lang='lat' dir='ltr'><strong>Nec</strong></span> <span class='ocrx_word' id='word_1_169' title='bbox 741 2569 951 2623; x_wconf 88' lang='lat' dir='ltr'><strong>minore</strong></span> <span class='ocrx_word' id='word_1_170' title='bbox 975 2566 1146 2624; x_wconf 85' lang='lat' dir='ltr'><strong>livore</strong></span> <span class='ocrx_word' id='word_1_171' title='bbox 1171 2589 1235 2624; x_wconf 89' lang='lat' dir='ltr'><strong>ac</strong></span> <span class='ocrx_word' id='word_1_172' title='bbox 1260 2568 1603 2647; x_wconf 84' lang='lat' dir='ltr'><strong>malignitate</strong></span> <span class='ocrx_word' id='word_1_173' title='bbox 1621 2614 1635 2637; x_wconf 90' lang='lat'><strong>‚</strong></span> <span class='ocrx_word' id='word_1_174' title='bbox 1657 2589 1822 2646; x_wconf 91' lang='lat' dir='ltr'><strong>quam</strong></span> <span class='ocrx_word' id='word_1_175' title='bbox 1853 2589 1939 2624; x_wconf 91' lang='lat' dir='ltr'><strong>su-</strong></span> 
     </span>
     <span class='ocr_line' id='line_1_26' title="bbox 224 2665 1937 2744; baseline 0.002 -24"><span class='ocrx_word' id='word_1_176' title='bbox 224 2665 414 2742; x_wconf 85' lang='lat' dir='ltr'><strong>perbia</strong></span> <span class='ocrx_word' id='word_1_177' title='bbox 449 2666 760 2743; x_wconf 70' lang='lat' dir='ltr'><strong>saevitiaque</strong></span> <span class='ocrx_word' id='word_1_178' title='bbox 780 2711 795 2735; x_wconf 91' lang='lat'>‚</span> <span class='ocrx_word' id='word_1_179' title='bbox 830 2688 983 2744; x_wconf 80' lang='lat' dir='ltr'><strong>paene</strong></span> <span class='ocrx_word' id='word_1_180' title='bbox 1016 2668 1274 2725; x_wconf 89' lang='lat' dir='ltr'><strong>adversus</strong></span> <span class='ocrx_word' id='word_1_181' title='bbox 1305 2672 1484 2726; x_wconf 90' lang='lat' dir='ltr'><strong>omnis</strong></span> <span class='ocrx_word' id='word_1_182' title='bbox 1514 2671 1613 2726; x_wconf 87' lang='lat' dir='ltr'><strong>aevi</strong></span> <span class='ocrx_word' id='word_1_183' title='bbox 1649 2670 1937 2726; x_wconf 90' lang='lat' dir='ltr'><strong>hominum</strong></span> 
     </span>
     <span class='ocr_line' id='line_1_27' title="bbox 227 2769 1938 2843; baseline 0.002 -21"><span class='ocrx_word' id='word_1_184' title='bbox 227 2785 397 2843; x_wconf 84' lang='lat' dir='ltr'><strong>genus</strong></span> <span class='ocrx_word' id='word_1_185' title='bbox 427 2779 700 2843; x_wconf 84' lang='lat' dir='ltr'><strong>grassatus</strong></span> <span class='ocrx_word' id='word_1_186' title='bbox 732 2778 829 2825; x_wconf 85' lang='lat' dir='ltr'><strong>est.</strong></span> <span class='ocrx_word' id='word_1_187' title='bbox 860 2769 1079 2825; x_wconf 89' lang='lat' dir='ltr'><strong>Statuas</strong></span> <span class='ocrx_word' id='word_1_188' title='bbox 1102 2770 1344 2826; x_wconf 90' lang='lat' dir='ltr'><strong>virorum</strong></span> <span class='ocrx_word' id='word_1_189' title='bbox 1375 2769 1697 2841; x_wconf 87' lang='lat' dir='ltr'><strong>illustrium,</strong></span> <span class='ocrx_word' id='word_1_190' title='bbox 1727 2769 1796 2824; x_wconf 92' lang='lat' dir='ltr'><strong>ab</strong></span> <span class='ocrx_word' id='word_1_191' title='bbox 1829 2771 1938 2825; x_wconf 89' lang='lat' dir='ltr'><strong>Au·</strong></span> 
     </span>
     <span class='ocr_line' id='line_1_28' title="bbox 226 2865 1937 2948; baseline 0.002 -28"><span class='ocrx_word' id='word_1_192' title='bbox 226 2878 386 2943; x_wconf 87' lang='lat' dir='ltr'><strong>gusto</strong></span> <span class='ocrx_word' id='word_1_193' title='bbox 420 2886 486 2922; x_wconf 84' lang='lat' dir='ltr'><strong>ex</strong></span> <span class='ocrx_word' id='word_1_194' title='bbox 513 2865 825 2943; x_wconf 88' lang='lat' dir='ltr'><strong>Capitolina</strong></span> <span class='ocrx_word' id='word_1_195' title='bbox 858 2887 984 2924; x_wconf 90' lang='lat' dir='ltr'><strong>area</strong></span> <span class='ocrx_word' id='word_1_196' title='bbox 1016 2880 1240 2946; x_wconf 87' lang='lat' dir='ltr'><strong>propter</strong></span> <span class='ocrx_word' id='word_1_197' title='bbox 1270 2871 1549 2948; x_wconf 86' lang='lat' dir='ltr'><strong>angustias</strong></span> <span class='ocrx_word' id='word_1_198' title='bbox 1584 2872 1639 2927; x_wconf 89' lang='lat' dir='ltr'><strong>in</strong></span> <span class='ocrx_word' id='word_1_199' title='bbox 1670 2869 1937 2927; x_wconf 84' lang='lat' dir='ltr'><strong>Martium</strong></span> 
     </span>
     <span class='ocr_line' id='line_1_29' title="bbox 225 2964 1936 3046; baseline 0.001 -25"><span class='ocrx_word' id='word_1_200' title='bbox 225 2985 479 3043; x_wconf 88' lang='lat' dir='ltr'><strong>campum</strong></span> <span class='ocrx_word' id='word_1_201' title='bbox 503 2964 725 3022; x_wconf 89' lang='lat' dir='ltr'><strong>collatas</strong></span> <span class='ocrx_word' id='word_1_202' title='bbox 741 3010 756 3036; x_wconf 91' lang='lat'><strong>,</strong></span> <span class='ocrx_word' id='word_1_203' title='bbox 786 2967 859 3023; x_wconf 90' lang='lat' dir='ltr'><strong>ita</strong></span> <span class='ocrx_word' id='word_1_204' title='bbox 884 2968 1152 3024; x_wconf 85' lang='lat' dir='ltr'><strong>subvertit</strong></span> <span class='ocrx_word' id='word_1_205' title='bbox 1175 2981 1341 3045; x_wconf 89' lang='lat' dir='ltr'><strong>atque</strong></span> <span class='ocrx_word' id='word_1_206' title='bbox 1370 2968 1612 3046; x_wconf 88' lang='lat' dir='ltr'><strong>disjecit,</strong></span> <span class='ocrx_word' id='word_1_207' title='bbox 1635 2981 1695 3024; x_wconf 88' lang='lat' dir='ltr'><strong>ut</strong></span> <span class='ocrx_word' id='word_1_208' title='bbox 1723 2968 1936 3024; x_wconf 86' lang='lat' dir='ltr'><strong>restitui</strong></span> 
     </span>
     <span class='ocr_line' id='line_1_30' title="bbox 227 3065 1938 3146; baseline 0.002 -26"><span class='ocrx_word' id='word_1_209' title='bbox 227 3065 385 3122; x_wconf 88' lang='lat' dir='ltr'><strong>salvis</strong></span> <span class='ocrx_word' id='word_1_210' title='bbox 407 3065 580 3123; x_wconf 88' lang='lat' dir='ltr'><strong>titulis</strong></span> <span class='ocrx_word' id='word_1_211' title='bbox 607 3086 717 3123; x_wconf 89' lang='lat' dir='ltr'><strong>nou</strong></span> <span class='ocrx_word' id='word_1_212' title='bbox 743 3068 1023 3146; x_wconf 88' lang='lat' dir='ltr'><strong>potuerint</strong></span> <span class='ocrx_word' id='word_1_213' title='bbox 1044 3090 1055 3124; x_wconf 90' lang='lat'><strong>:</strong></span> <span class='ocrx_word' id='word_1_214' title='bbox 1079 3070 1363 3145; x_wconf 89' lang='lat' dir='ltr'><strong>vetuitque</strong></span> <span class='ocrx_word' id='word_1_215' title='bbox 1385 3069 1613 3145; x_wconf 88' lang='lat' dir='ltr'><strong>posthac</strong></span> <span class='ocrx_word' id='word_1_216' title='bbox 1635 3068 1938 3124; x_wconf 88' lang='lat' dir='ltr'><strong>viventium</strong></span> 
     </span>
     <span class='ocr_line' id='line_1_31' title="bbox 226 3165 1942 3246; baseline 0 -25"><span class='ocrx_word' id='word_1_217' title='bbox 226 3166 478 3242; x_wconf 90' lang='lat' dir='ltr'><strong>cuiquam</strong></span> <span class='ocrx_word' id='word_1_218' title='bbox 503 3186 730 3242; x_wconf 86' lang='lat' dir='ltr'><strong>usquam</strong></span> <span class='ocrx_word' id='word_1_219' title='bbox 753 3180 987 3224; x_wconf 88' lang='lat' dir='ltr'><strong>statuam</strong></span> <span class='ocrx_word' id='word_1_220' title='bbox 1009 3180 1104 3225; x_wconf 89' lang='lat' dir='ltr'><strong>aut</strong></span> <span class='ocrx_word' id='word_1_221' title='bbox 1130 3168 1446 3246; x_wconf 85' lang='lat' dir='ltr'><strong>imaginem,</strong></span> <span class='ocrx_word' id='word_1_222' title='bbox 1474 3169 1574 3225; x_wconf 90' lang='lat' dir='ltr'><strong>nisi</strong></span> <span class='ocrx_word' id='word_1_223' title='bbox 1607 3188 1662 3224; x_wconf 93' lang='lat' dir='ltr'><strong>se</strong></span> <span class='ocrx_word' id='word_1_224' title='bbox 1688 3165 1942 3223; x_wconf 87' lang='lat' dir='ltr'><strong>consulto</strong></span> 
     </span>
     <span class='ocr_line' id='line_1_32' title="bbox 230 3267 1942 3347; baseline 0.001 -27"><span class='ocrx_word' id='word_1_225' title='bbox 230 3276 281 3320; x_wconf 88' lang='lat' dir='ltr'><strong>et</strong></span> <span class='ocrx_word' id='word_1_226' title='bbox 314 3278 563 3338; x_wconf 87' lang='lat' dir='ltr'><strong>auctore,</strong></span> <span class='ocrx_word' id='word_1_227' title='bbox 589 3270 737 3344; x_wconf 91' lang='lat' dir='ltr'><strong>poni.</strong></span> <span class='ocrx_word' id='word_1_228' title='bbox 761 3268 1035 3347; x_wconf 83' lang='lat' dir='ltr'><strong>Cogitavit</strong></span> <span class='ocrx_word' id='word_1_229' title='bbox 1061 3270 1224 3326; x_wconf 86' lang='lat' dir='ltr'><strong>etiam</strong></span> <span class='ocrx_word' id='word_1_230' title='bbox 1256 3269 1322 3324; x_wconf 89' lang='lat' dir='ltr'><strong>de</strong></span> <span class='ocrx_word' id='word_1_231' title='bbox 1353 3269 1575 3326; x_wconf 88' lang='lat' dir='ltr'><strong>Homeri</strong></span> <span class='ocrx_word' id='word_1_232' title='bbox 1605 3267 1942 3325; x_wconf 87' lang='lat' dir='ltr'><strong>carminibus</strong></span> 
     </span>
    </p>
   </div>
  </div>
 </body>
</html>
