2372 3918
426 226 513 274 138
1193 228 1382 272 NOTAE

484 326 672 369 Minori.
698 325 820 371 Vide
850 327 1019 382 numu,
1045 326 1165 368 Bell.
1193 326 1330 368 Alex.
1354 358 1366 378 ,
1401 324 1455 369 31
1490 332 1536 368 et
1574 324 1648 368 33.

482 402 679 446 NuntiiS.
705 403 962 462 Acceperat
987 403 1070 445 Cn.
1095 400 1355 445 Domitium
1380 400 1625 446 Calvinum
1651 415 1676 443 a
1701 399 1937 446 Pharnace
1963 402 2116 447 fusum
2140 439 2151 459 ‚

418 492 476 524 ex
510 481 661 523 Ponto
686 493 794 524 cum
822 478 984 539 paucis
1009 476 1242 538 effugisse.
1269 477 1336 522 Cf.
1378 479 1496 522 Bell.
1527 479 1665 521 Alex.
1682 509 1696 530 ,
1733 476 1792 530 34
1826 494 1957 538 seqq.

489 555 880 601 Comtnemorans.
913 553 1103 600 Caesaris
1129 554 1276 599 verba
1302 554 1446 600 refert
1474 553 1677 614 Appian.
1693 587 1706 611 ‚
1738 553 1818 599 ub.
1843 571 1944 615 sup.
1972 573 1982 599 ε
2011 546 2051 604 ὅ
2074 581 2153 620 μα-

418 641 529 698 napis
555 642 764 698 Πομπήῖι,
790 640 979 688 τοιούτοις
1012 642 1092 697 ἄρα
1114 638 1225 681 κατὰ
1256 635 1510 695 Μιθριδάτην
1535 642 1602 679 τὸν
1633 633 1756 680 τοῦδε
1779 641 1941 696 πατέρα
1965 647 2154 697 πολεμῶν

419 714 615 775 ἀνδράσι,
633 719 759 776 μέγας
785 735 830 760 τι
857 717 1084 775 ἐνομίσθης,
1111 714 1182 758 καὶ
1211 717 1338 773 μέγας
1367 715 1594 764 ἐπεκλήθης.

482 799 683 844 Liberos.
721 798 919 844 Cneium
949 806 995 843 et
1026 798 1256 843 Sextum..

480 877 540 921 In
555 876 810 938 Hispania.
829 874 916 921 Cui
944 874 1070 920 bello
1100 872 1243 918 finem
1259 872 1485 933 imposuit
1506 874 1727 933 proelium
1755 875 1884 935 apud
1907 877 2149 922 Mundam.

417 954 593 1011 Humu,
625 954 746 998 Bell.
785 952 920 1013 Hisp.
933 985 948 1007 ‚
978 951 1053 1012 39.

480 1042 591 1087 CAP.
617 1041 851 1086 XXXVI.
881 1040 927 1084 C.
958 1039 1110 1085 Curio.
1136 1038 1215 1084 Ad
1237 1038 1505 1100 Bagradam
1533 1036 1736 1096 flumen,
1762 1039 1870 1085 licet
1891 1041 2018 1086 victo
2042 1042 2154 1103 fuga

414 1126 626 1176 pateret,
658 1116 795 1176 pe1iit
837 1133 944 1167 cum
977 1115 1197 1161 omnibus
1230 1131 1352 1175 quos
1397 1114 1521 1160 circa
1554 1131 1601 1161 se
1642 1117 1862 1162 habebat.
1905 1119 1974 1164 Cf
2015 1120 2151 1177 Cas,

415 1195 538 1238 Bell.
578 1194 695 1247 Cio„
729 1209 806 1250 1v,
841 1199 928 1250 423
958 1194 1134 1249 an„
1164 1208 1237 1249 IV,
1268 1207 1326 1249 23
1353 1193 1530 1248 vam„
1558 1208 1623 1249 11,
1658 1190 1733 1237 55.

481 1281 750 1327 Dolabella.
777 1282 915 1326 Oros.
935 1316 946 1338 ,
977 1297 1054 1339 vl,
1084 1279 1187 1326 15:
1214 1280 1501 1325 «Dolabella
1533 1279 1741 1340 partium
1774 1283 1986 1340 Caesaris,
2009 1284 2058 1328 in
2086 1285 2151 1327 Il—

413 1358 561 1420 lyrico
584 1375 672 1418 pei
687 1359 937 1405 Octavium
954 1368 999 1403 et
1023 1358 1256 1424 Libonem
1281 1356 1454 1413 victus,
1480 1356 1724 1416 copiisque
1746 1367 1942 1416 exutus,
1969 1360 2031 1405 ad
2046 1363 2150 1406 An—

413 1436 597 1480 tonium
622 1435 807 1498 fugit.»

486 1513 676 1557 Ultimo.
707 1512 813 1557 Scil.
852 1512 911 1557 ad
949 1510 1193 1556 Mundam.
1230 1511 1378 1568 Vell.‚
1407 1526 1477 1568 11,
1523 1509 1582 1555 55
1619 1527 1628 1553 :
1668 1512 1909 1556 «Nullum
1942 1528 2151 1574 unquam

413 1589 616 1635 atrocius
646 1589 1053 1651 periculosiusque
1079 1589 1138 1633 ab
1174 1603 1231 1644 eo
1262 1586 1432 1631 initum
1454 1587 1697 1647 proelium.‘
1723 1608 1742 1628 »

479 1679 589 1723 CAP.
625 1678 883 1724 XXXVII.
916 1677 1184 1743 Quinquies.
1220 1676 1438 1733 Quatuor
1469 1675 1655 1735 priores
1682 1676 1947 1738 triumphos
1971 1679 2066 1740 egit
2093 1682 2150 1725 Α.

411 1757 470 1801 U.
506 1755 630 1813 708,
664 1754 817 1800 redux
841 1771 899 1802 ex
925 1753 1112 1801 Africa·
1101 1789 1114 1812 ‚
1147 1752 1365 1814 quintum
1396 1744 1612 1813 sequenti
1644 1769 1769 1798 anno
1787 1789 1799 1811 ,
1818 1770 1968 1814 quum
1991 1771 2151 1802 mense

413 1831 600 1877 octobri
629 1831 679 1876 in
701 1832 882 1878 Urbem
904 1830 1183 1876 levertisset.

481 1921 766 1966 Gallicum...
793 1918 1506 1980 Hispaniensem.-—Gallicum,
1532 1916 1562 1962 i.
1597 1933 1636 1963 e.
1672 1917 1732 1964 de
1761 1918 1906 1964 Gallis
1930 1920 2147 1966 subactis.

412 1997 818 2050 Alexandrinum,
851 1996 881 2040 i.
923 2012 961 2041 e.
1009 1995 1069 2040 de
1095 2003 1316 2056 superato
1357 2003 1404 2039 et
1433 2001 1601 2039 necato
1631 1996 1886 2040 Ptolemaeo
1916 2011 2042 2058 rege.
2085 2024 2152 2031 -—

414 2074 680 2126 Ponticum,
710 2072 739 2117 i.
765 2088 804 2117 e.
835 2073 894 2117 de
927 2072 1166 2117 Pharnace
1194 2071 1341 2116 victo.
1366 2097 1433 2105 --
1461 2071 1742 2130 Africanum
1760 2105 1774 2125 ,
1812 2071 1842 2116 i.
1868 2087 1907 2116 e.
1941 2072 2001 2117 de
2027 2074 2151 2118 Juba

413 2160 458 2196 et
479 2150 672 2196 Mauris.
703 2175 770 2185 -—-
793 2149 1155 2211 Hispaniensem
1174 2183 1188 2204 ‚
1227 2149 1286 2194 de
1317 2148 1536 2209 Pompeii
1560 2147 1735 2195 liberis.

415 2229 417 2231 ,
476 2240 666 2283 Diverso
705 2248 960 2299 apparatu.
1001 2240 1121 2284 Vell.
1151 2254 1214 2294 11,
1245 2235 1304 2283 56
1345 2253 1355 2281 :
1402 2256 1426 2278 α
1445 2238 1612 2283 Gallici
1642 2246 1895 2298 apparatus
1932 2254 1990 2283 ex
2030 2238 2149 2284 citro

413 2315 607 2378 (melius
653 2331 759 2360 cum
790 2317 1011 2360 Torrent.
1045 2314 1243 2376 cedro),
1275 2313 1461 2359 Pontici
1494 2331 1551 2359 ex
1578 2315 1778 2361 acantho
1839 2315 2150 2362 Alexandrini

411 2391 645 2439 testudine
660 2428 674 2451 ,
697 2391 847 2438 Africi
871 2393 1039 2450 ebore,
1056 2385 1376 2451 Hispaniensis
1393 2402 1591 2453 argento
1608 2391 1736 2437 rasili
1757 2391 1978 2436 constitit.
1994 2413 2014 2433 υ
2037 2395 2146 2453 Ap-

406 2479 610 2530 paratus
633 2477 741 2514 sunt
767 2470 958 2526 tabulae,
986 2468 1118 2530 signa
1135 2503 1147 2526 ‚
1164 2468 1410 2513 simulacra
1442 2468 1733 2528 oppidorum
1747 2503 1760 2525 ,
1784 2467 1985 2526 arcium,
2007 2485 2148 2514 mon-

410 2546 548 2604 tium,
579 2544 835 2591 fluviorum
852 2582 865 2604 ,
890 2555 976 2592 etc.
996 2581 1009 2604 ,
1043 2561 1147 2606 quae
1180 2547 1363 2604 sculpta
1390 2545 1522 2607 ligno
1546 2547 1620 2590 vel
1655 2544 1930 2605 pretiosiori
1953 2547 2148 2592 materia

409 2624 458 2668 in
492 2623 742 2683 triumphis
763 2623 1150 2683 praeferebantur.
1186 2621 1383 2679 Quintil.
1403 2657 1415 2679 ,
1444 2624 1587 2677 Inst.‚
1621 2639 1699 2680 vl,
1725 2623 1751 2667 3
1792 2638 1802 2666 :
1843 2642 1862 2662 «
1899 2625 2063 2680 Quum
2092 2624 2147 2672 ,in

409 2700 652 2760 triumpho
691 2699 880 2745 Caesaris
915 2700 1088 2744 eborea
1126 2698 1305 2758 oppida
1348 2707 1499 2744 essent
1534 2701 1785 2756 translata,
1816 2708 1862 2744 et
1897 2708 2007 2759 post
2049 2701 2151 2746 dies

407 2793 586 2837 paucos
629 2777 762 2823 Fabii
795 2777 992 2822 Maximi
1026 2777 1236 2839 lignea.»
1275 2779 1526 2822 Gestamen
1557 2793 1655 2838 quo
1703 2778 2146 2835 transvehebantur‚

404 2854 630 2908 ferculum
663 2854 985 2899 nominabant.

481 2941 748 2986 Velabrum.
773 2944 934 2987 Romae
949 2941 1083 3004 regio
1115 2950 1214 2986 erat
1228 2957 1381 3001 prope
1400 2941 1557 2986 forum
1588 2942 1811 2987 Boarium
1827 2978 1840 3000 ‚
1867 2944 2138 3000 MARLIAN„

415 3020 589 3080 Topog.
615 3035 756 3073 rom„
792 3036 843 3064 ιν
861 3055 873 3078 ,
908 3036 949 3076 7.

474 3096 798 3155 Lychnuclzos.
838 3099 991 3141 Docet
1044 3095 1187 3141 Wolf.
1240 3097 1527 3155 lychnuchos
1575 3112 1672 3142 esse
1708 3097 1992 3142 candelabra
2045 3096 2142 3139 ele-

412 3172 698 3231 phantorum
728 3173 1099 3234 proboscidibus
1129 3172 1362 3232 imposita.

479 3260 588 3305 eu».
614 3262 899 3308 xxxvm.
922 3262 1183 3305 Tumultus.
1213 3261 1272 3305 H.
1301 3276 1340 3305 e.
1377 3235 1515 3319 beni}
1543 3250 1595 3305 ιη’
1624 3260 1746 3318 cic„
1788 3261 1997 3320 Ρκιῑιφρ.
2021 3276 2140 3316 vm,
