2372 3918
768 327 834 373 IN
872 329 920 373 C.
957 329 997 373 J.
1037 326 1360 373 CAESAREM.
1850 330 1932 375 131

201 426 379 472 liberos
403 440 546 487 quam
563 426 765 487 collega,
789 423 931 470 autin
954 438 1036 469 sua
1056 431 1291 484 potestate
1308 423 1472 480 habet,
1497 432 1578 469 aut
1601 424 1728 471 bello
1745 427 1911 472 amisit.
1927 451 1943 466 .‚

272 505 521 549 Accensus.
555 504 792 548 Accensus
813 499 1026 546 minister
1056 499 1148 544 fuit
1179 498 1537 562 magistratuum
1566 516 1709 561 snpra
1741 502 1942 550 lictores.

203 582 306 627 Cxc.
339 581 411 626 ad
438 580 497 639 Q.
506 578 582 639 fr.
594 612 610 635 ‚
637 594 682 637 ι,
715 593 760 637 ¹3
782 573 978 636 Sinon„
1001 577 1065 622 de
1085 578 1286 621 luneio.
1317 592 1459 634 mm„
1494 592 1571 635 ιι,
1603 578 1675 625 15.

269 659 400 720 Lege
418 657 644 720 Agraria.
669 657 741 701 De
765 667 934 715 campo
956 654 1149 700 Stellate
1176 662 1223 699 et
1250 669 1367 717 agro
1393 654 1635 715 Campano
1659 656 1788 715 plebi
1817 657 1944 703 divi-

198 733 380 781 dendis.

272 811 651 857 Obnuntiantem.
685 809 744 855 H.
778 824 818 854 e.
855 806 1162 853 obsistentem
1187 824 1198 852 ε
1231 808 1510 854 obnuntiare
1536 808 1764 855 dicuntur
1787 825 1945 872 augu-

198 903 272 935 res
297 922 311 948 ,
359 886 445 950 qui
500 885 684 948 aliquid
734 885 845 931 mali
900 884 1071 931 ominis
1089 921 1103 944 ‚
1149 884 1423 948 saevumque
1473 886 1696 933 viderint.
1742 890 1917 934 Donat.
1932 924 1944 946 ,

195 966 405 1029 Adelph.
414 999 432 1023 ‚
458 981 526 1025 tv,
551 979 604 1024 a,
633 980 679 1026 9.
711 963 1079 1010 obnuntiatione
1104 962 1383 1024 perniciosis
1406 963 1591 1027 legibus
1612 964 1937 1019 resistebatur,

195 1041 285 1090 hac
315 1042 515 1090 solemni
545 1041 749 1087 formula
784 1057 795 1086 :
825 1040 884 1086 Se
905 1042 967 1086 de
993 1042 1112 1086 coelo
1133 1050 1430 1086 sematurum.
1465 1039 1591 1086 Vide
1621 1042 1745 1086 Ena.
1763 1076 1776 1098 ‚
1814 1041 1941 1087 Clav.

201 1120 321 1177 Cic„
345 1118 398 1166 in
417 1134 524 1166 voc.
549 1119 849 1165 obnuntiare.
873 1120 994 1165 Rem
1014 1128 1178 1164 narrat
1207 1119 1325 1176 Dio,
1348 1134 1546 1164 xxxvxn
1562 1154 1575 1175 ‚
1601 1117 1665 1163 60
1695 1133 1707 1163 ε
1730 1116 1767 1168 ὁ
1784 1119 1851 1168 οὖν
1874 1126 1941 1167 Bt-

194 1200 350 1259 Βουλος,
391 1205 501 1264 μέγα
541 1200 795 1257 ἀναβοήσας,
829 1205 901 1260 οὐχ
939 1203 1071 1254 ἱξετε,
1110 1205 1205 1260 ἔφη,
1244 1205 1311 1246 τὸν
1354 1206 1473 1262 νόμον
1516 1206 1728 1257 rofi-revise
1769 1210 1827 1261 τῷ
1862 1205 1942 1246 ἔτει

191 1281 344 1340 rein-q»,
367 1277 457 1326 οὐδ’
476 1281 525 1324 ἂν
548 1282 702 1331 πάντες
726 1281 954 1328 ἐθελήσητε.

263 1351 474 1400 Censet-e.
507 1353 567 1398 H.
590 1351 622 1398 l.
653 1366 756 1397 non
777 1359 847 1398 est
886 1351 1160 1413 simpliciter
1193 1353 1471 1404 sententiam
1497 1352 1677 1404 dicere,
1718 1350 1802 1396 sed
1832 1351 1942 1395 loco

192 1427 433 1475 sententiae
463 1428 523 1476 de
547 1443 603 1476 ea
625 1445 704 1489 re,
735 1429 796 1476 de
826 1444 924 1492 qua
947 1431 1150 1476 relatum
1174 1438 1275 1476 erat
1300 1445 1325 1475 a
1355 1430 1574 1488 consule,
1590 1429 1722 1475 aliud
1746 1426 1868 1491 quid
1893 1427 1944 1472 in

192 1514 360 1553 senatu
390 1520 668 1568 proponere
690 1522 746 1554 ac
773 1522 946 1571 rogare
979 1517 1034 1553 ut
1056 1507 1305 1554 referatur.
1332 1509 1437 1554 Hoc
1459 1508 1610 1554 Tacit.
1642 1515 1785 1552 vocat
1811 1506 1942 1550 rela-

192 1583 368 1630 tionem
382 1585 570 1647 egredi,
598 1587 723 1632 Ann.
739 1619 754 1640 ,
790 1601 834 1631 11
853 1621 867 1645 ,
894 1584 970 1633 38.

271 1660 588 1708 obnuntiaret.
622 1663 680 1708 H.
714 1678 754 1708 e.
787 1662 1065 1720 obsisteret,
1088 1671 1143 1707 ut
1168 1676 1327 1726 supra.

264 1738 573 1785 Urbanorum.
602 1740 660 1785 H.
698 1756 739 1786 e.
764 1740 1040 1786 facetorum.
1068 1738 1164 1786 Cic.
1187 1740 1259 1783 ad
1279 1738 1452 1783 Famil.
1473 1772 1486 1792 ,
1519 1754 1607 1794 111,
1634 1736 1663 1782 8
1691 1754 1742 1781 z«
1770 1735 1943 1782 Homi-

189 1829 298 1861 nem
325 1831 426 1862 non
449 1817 604 1862 solum
625 1816 915 1879 sapientem,
937 1833 1106 1864 verum
1130 1815 1273 1862 etiam
1306 1816 1378 1878 (ut
1399 1830 1528 1861 nunc
1558 1812 1822 1878 loquimur)
1853 1830 1942 1859 ur-

189 1892 380 1939 banum.
409 1911 431 1935 n

257 1971 384 2017 Iulio
403 1981 455 2016 et
471 1970 664 2017 Coesare
686 1987 804 2017 coss.
835 1971 955 2032 Dio,
980 1987 1177 2019 xxxvul
1191 2009 1205 2031 ,
1236 1973 1298 2019 63
1334 1987 1345 2014 :
1372 1967 1473 2020 όθιν
1498 1992 1573 2034 περ
1600 1977 1941 2034 χαριεντιζόμενοι

187 2054 292 2106 avie
303 2055 351 2099 τὸ
367 2055 439 2116 μὶν
462 2060 533 2100 τοῦ
549 2053 741 2104 Βιὸοὐλου
757 2056 886 2115 ὄνομα
901 2059 1172 2101 παντάπασιν
1193 2055 1455 2100 ammaum·
1476 2054 1543 2096 τὸν
1569 2049 1620 2096 δὲ
1643 2049 1699 2101 δὴ
1723 2053 1939 2111 Καίσαρα,

189 2127 264 2176 ὅῖιθ
308 2132 381 2176 καὶ
412 2134 619 2192 ὠνόμαζον
655 2133 727 2178 καὶ
760 2136 953 2192 ἔγραφον,
993 2136 1112 2179 Γοὶῑόν
1153 2152 1198 2178 τε
1235 2134 1435 2191 Καίσαρα.
1466 2130 1537 2175 καὶ
1567 2122 1712 2175 Ῐούλιον
1741 2131 1941 2189 Καίσαρα

188 2211 403 2254 finanum
423 2212 619 2270 λίγοντις.

261 2280 494 2342 Campum
509 2281 767 2328 Stellatem.
793 2283 888 2330 Cic.
903 2318 917 2341 ,
942 2287 1113 2345 Agr-ar.
1132 2317 1146 2339 ,
1175 2300 1248 2342 IL,
1277 2285 1333 2330 31
1364 2299 1376 2326 t
1402 2303 1420 2321 a
1441 2281 1680 2344 Adjungit
1700 2281 1939 2327 Stellatem

166 2360 410 2420 'campum
433 2374 550 2422 agro
583 2360 853 2421 Campano;
887 2370 934 2407 et
963 2361 1013 2406 in
1036 2377 1094 2407 eo
1131 2360 1356 2407 describit
1386 2358 1611 2406 duodena
1642 2358 1692 2404 in
1726 2358 1939 2422 singulos

187 2434 405 2483 homines
425 2435 607 2501 jugera.
625 2457 646 2478 ι»
1269 2484 1272 2488 ,

259 2515 606 2562 Consecratum.
630 2517 741 2562 Non
756 2516 846 2563 diis
862 2517 1090 2563 devotum
1100 2553 1113 2576 ,
1130 2517 1214 2563 sed
1229 2515 1394 2561 usibus
1408 2514 1614 2575 publicis
1635 2513 1936 2559 destinatum.

263 2593 425 2638 Extra
465 2603 649 2639 sortem.
684 2595 751 2642 Ut
781 2610 881 2641 non
916 2603 1043 2641 sorte
1073 2594 1240 2653 ducta,
1279 2592 1362 2639 sed
1395 2607 1459 2637 xx
1491 2591 1721 2638 virorunv
1738 2590 1939 2637 arbitrio

189 2668 361 2717 divisio
385 2668 535 2716 fieret.

255 2749 554 2794 PublicanoS.
591 2750 649 2795 H.
679 2765 718 2796 e.
742 2750 1048 2811 publicorum
1078 2750 1380 2813 vectigalium
1405 2748 1738 2794 conductores.

258 2827 544 2872 Mercedum.
583 2826 796 2873 Pecuniae
833 2841 977 2888 quam
1009 2843 1101 2889 pro
1133 2826 1382 2874 conductis
1405 2824 1716 2890 vectigalibus
1755 2826 1938 2870 solvere

189 2902 443 2950 debebant.

255 2982 499 3027 Relevavit.
538 2983 663 3050 Non*
691 2982 781 3028 fuit
816 2983 914 3029 haec
947 2992 1155 3044 potestas
1181 2983 1407 3040 consulis,
1431 2980 1516 3028 sed
1553 2987 1741 3026 senatus
1783 2976 1852 3027 :O
1888 2982 1936 3028 δὲ

188 3067 376 3130 Καῖσριρ,
394 3069 431 3117 ἐς
447 3063 562 3111 οὐδὲν
580 3069 674 3112 τότε
688 3073 758 3119 τῆς
773 3069 915 3123 βουλῆς
939 3065 1151 3128 δεόμενος,
1169 3069 1274 3113 ἀλλὰ
1299 3069 1407 3128 μόνῳ
1430 3072 1487 3124 τῷ
1513 3062 1636 3123 δημῷ
1652 3065 1853 3123 χρώμενος
1869 3098 1880 3117 ‚
1897 3081 1936 3107 κ-

183 3161 222 3187 τ.
244 3150 280 3188 λ.
303 3136 506 3199 Appian.
520 3174 533 3197 ,
556 3138 643 3185 ubi
668 3155 796 3201 supr.

255 3215 504 3262 Novorum.
541 3217 663 3262 Hase
697 3232 754 3262 ex
784 3201 1102 3279 Oudendorp.
1129 3233 1179 3262 :a
1207 3219 1319 3264 Non
1353 3217 1549 3263 omnino
1571 3229 1808 3261 novorum
1824 3248 1836 3271 ‚
1853 3212 1937 3258 sed

188 3307 395 3353 quorum
417 3302 529 3354 post
553 3293 736 3357 singula
768 3294 1098 3356 quinquennia
1124 3311 1250 3342 nova
1275 3293 1420 3342 fiebat
1443 3293 1635 3341 locatio.
1675 3312 1698 3335 n

262 3371 662 3433 Interpellantem.
684 3374 740 3418 H.
754 3389 791 3418 e.
809 3372 1003 3421 consilia
1020 3372 1478 3435 impedientem.Cic.
1497 3372 1733 3424 adFam.,
1747 3384 1827 3428 xx,
1853 3383 1932 3413 10:

1676 3490 1731 3546 9.
