2372 3918
750 284 816 329 IN
853 283 901 328 C.
938 284 978 327 J.
1016 282 1341 327 CAESAREM.
1839 287 1928 339 143

194 381 371 427 indicat
400 382 475 427 lex
507 382 672 428 Numa
703 378 922 439 Pompilii
938 378 1062 440 regis
1075 378 1148 423 his
1168 387 1397 438 concepta
1424 379 1580 423 verbis
1605 380 1789 439 :siquis
1810 382 1930 426 libe-

192 476 293 503 rum
315 458 550 503 hominem
573 458 716 503 morti
732 458 857 510 daie,
884 456 1130 516 parricida
1147 464 1260 500 esto,
1284 474 1303 495 υ

264 538 325 580 Ut
355 535 517 581 Cicero
541 535 710 580 scribit.
736 534 846 580 Haec
874 519 1052 577 Wolfio
1076 540 1123 576 et
1158 531 1259 577 aliis
1287 540 1502 591 suspecta
1529 532 1763 577 videntur.

257 613 489 673 Reliquos.
515 611 577 658 Hi
599 626 698 656 non
721 618 855 667 sunt,
884 616 1109 654 monente
1139 609 1207 653 Cl.
1226 609 1375 665 Hase,
1407 622 1530 668 quos
1551 610 1771 653 Tot-rent.
1795 618 1933 669 putat

190 688 273 748 qui
303 703 401 733 non
429 686 681 734 occidendi
710 685 892 742 animo,
917 694 1071 729 tamen
1101 684 1375 731 occiderant
1391 701 1404 741 ;
1434 684 1517 730 sed
1546 685 1741 730 omnino
1772 701 1932 730 omnes

186 767 273 825 ‘qui
298 765 479 812 facinus
501 779 584 812 seu
612 764 709 810 vim
725 798 738 822 ,
761 763 844 809 sed
867 762 966 808 sine
997 777 1113 807 nece
1130 797 1143 820 ‚
1172 777 1284 824 erga
1309 761 1459 807 civem
1480 770 1797 821 patraverant.

255 844 365 888 Cn.
394 843 570 888 XLIII.
596 840 775 887 Pmbri.
803 840 862 885 H.
896 854 935 884 e.
963 838 1200 884 adulterii.

254 900 485 966 Portet-ia.
505 916 779 965 Portorium
801 925 870 962 est
892 914 1093 978 vectigal
1119 931 1211 977 pro
1235 916 1472 961 mercibus
1489 930 1547 962 ex
1575 916 1838 978 peregrinis
1854 932 1933 961 re·-

187 995 409 1057 gionibus
437 995 486 1040 in
518 1004 703 1040 nostras
731 993 1013 1054 importatis.

253 1074 365 1118 Nisi
383 1073 517 1118 certis
537 1072 760 1134 personis
791 1080 840 1115 et
851 1071 1087 1116 oetatibus.
1106 1072 1165 1116 H.
1192 1087 1231 1116 e.
1251 1070 1435 1116 feminis
1458 1070 1655 1116 maritos
1677 1080 1724 1116 et
1753 1071 1930 1117 liberos

185 1142 496 1208 habentibus,
529 1159 575 1195 et
605 1165 711 1210 quae
734 1148 1037 1214 excessissent
1062 1148 1207 1194 aetatis
1238 1164 1414 1194 annum
1448 1147 1522 1194 55.

254 1229 364 1273 Cn.
391 1229 566 1274 XLIV.
602 1227 862 1272 Publicare.
895 1227 954 1273 H.
982 1242 1022 1272 e.
1046 1225 1239 1286 publice
1269 1226 1469 1272 utendas
1493 1226 1619 1272 dare.

254 1305 327 1349 M.
370 1305 585 1350 Varroni.
604 1303 748 1363 Plin.,
776 1305 895 1349 Hist.
925 1314 1053 1362 nat.,
1086 1319 1187 1362 vu,
1213 1303 1269 1349 31
1309 1320 1319 1348 :
1349 1323 1367 1343 α
1388 1305 1455 1348 Μ.
1488 1305 1719 1350 Varronis
1765 1304 1815 1348 in
1854 1304 1933 1348 bi-

184 1380 446 1440 bliotheca,
464 1398 569 1443 quae
591 1381 744 1442 prima
769 1381 819 1426 in
842 1380 960 1427 orbe
985 1381 1045 1426 ab
1068 1380 1234 1426 Asinio
1258 1380 1473 1426 Pollione
1502 1396 1559 1426 ex
1587 1373 1824 1427 manubiis
1837 1397 1934 1443 pu-

184 1458 357 1504 blicata
386 1461 548 1505 Romae
577 1467 668 1516 est,
693 1458 835 1504 unius
863 1457 1064 1504 viventis
1087 1457 1242 1519 posita
1268 1458 1425 1520 imago
1450 1468 1519 1504 est
1551 1476 1561 1503 ι
1593 1454 1725 1505 haud
1747 1459 1933 1505 minore

185 1535 201 1598 (
218 1545 272 1580 ut
297 1536 522 1598 equidem
549 1535 684 1599 reor)
708 1535 862 1599 gloria
877 1570 891 1593 ‚
913 1535 1348 1596 principe‚oratore
1376 1544 1422 1581 et
1445 1536 1546 1583 cive
1563 1571 1576 1594 ‚
1601 1552 1661 1582 ex
1684 1537 1764 1582 illa
1793 1536 1932 1600 inge-

185 1614 377 1659 niorum
394 1649 407 1672 ‚
433 1630 540 1675 quae
572 1622 685 1659 tunc
718 1614 836 1670 fuit,
867 1612 1198 1671 multitudine,
1233 1613 1317 1658 uni
1345 1612 1467 1658 hanc
1497 1628 1724 1659 coronam
1762 1614 1904 1660 dante
1921 1650 1934 1672 ‚

187 1706 332 1752 quam
360 1707 512 1752 quum
540 1691 696 1737 eidem
718 1693 923 1753 Magnus
952 1689 1208 1752 Pompeius
1234 1689 1438 1751 piratico
1474 1706 1531 1736 ex
1560 1692 1689 1736 bello
1720 1683 1933 1737 navalem

186 1769 330 1814 dedit.
354 1788 373 1809 ιο

257 1848 482 1891 Fucinum
512 1847 681 1891 lacum.
716 1847 798 1891 Est
824 1845 874 1890 in
902 1831 1085 1891 Marsis.
1119 1844 1252 1908 Virg.
1270 1880 1284 1903 ,
1321 1830 1540 1902 AEneids,
1573 1862 1673 1904 vu,
1712 1845 1806 1905 758
1837 1864 1846 1889 :

362 1991 516 2002 .....
541 1963 590 2001 Et
613 1960 759 2002 Marsis
773 1960 947 2015 quaesilae
961 1960 1003 2001 in
1020 1961 1221 2002 montibus
1242 1961 1379 2003 herbae
1391 1993 1403 2012 ,

359 2035 419 2072 Te
440 2045 579 2072 nemus
602 2031 826 2085 Anguitiae,
847 2031 973 2072 vitrea
993 2039 1033 2072 te
1056 2031 1228 2073 Fucinus
1248 2032 1376 2083 unda,

360 2104 418 2141 Te
438 2101 584 2156 liquidi
606 2101 750 2142 flevere
772 2102 887 2143 lacus.

252 2212 455 2256 Munire.
480 2213 539 2258 H.
559 2228 597 2256 e.
615 2211 856 2273 lapidibus
882 2221 1118 2271 sternere,
1148 2222 1203 2258 ut
1226 2213 1323 2259 Cic.
1348 2229 1441 2275 pro
1464 2214 1598 2266 Mil„
1632 2230 1735 2259 vu:
1766 2235 1785 2255 «
1816 2217 1934 2260 Per-

187 2288 299 2334 inde
330 2288 467 2350 quasi
497 2288 682 2349 Appius
709 2288 786 2334 ille
815 2290 974 2334 Caecus
1000 2289 1126 2335 viam
1153 2289 1382 2336 munierit
1398 2325 1412 2348 ,
1446 2306 1548 2352 non
1588 2307 1686 2353 qua
1729 2293 1934 2352 populus

186 2375 416 2411 uteretur.
440 2386 459 2407 υ
1856 2378 1871 2383 “

214 2490 217 2492 ,
254 2443 523 2504 Perfodete.
558 2443 681 2489 Vide
705 2444 867 2501 P1.11‹.,
899 2443 1019 2488 Hise.
1053 2453 1178 2500 nat„
1217 2459 1294 2503 ιν,
1326 2443 1368 2490 5.

257 2522 510 2582 Experto-5.
528 2520 738 2579 Passive‚
762 2519 792 2565 i.
811 2535 851 2566 e.
875 2529 1133 2582 postquam
1155 2521 1315 2583 parvis
1336 2522 1517 2583 proeliis
1548 2523 1842 2584 periclitatus
1868 2540 1945 2570 es-·

187 2608 255 2644 set
284 2614 383 2659 quo
414 2613 585 2660 genere
606 2597 721 2644 belli
751 2597 970 2643 facillime
985 2598 1168 2659 possint
1196 2598 1337 2644 vinci.

255 2678 367 2722 Cn.
414 2677 562 2722 XLV.
601 2675 846 2736 Comitiali
866 2691 1049 2739 quoque
1073 2676 1245 2722 morbo.
1279 2677 1338 2723 H.
1373 2692 1411 2722 e.
1446 2677 1684 2739 epilepsia.
1718 2679 1815 2724 Cur
1851 2694 1934 2723 co-

187 2754 379 2798 mitialis
406 2752 675 2798 nominatus
699 2751 867 2811 fuerit,
893 2752 1035 2799 docet
1066 2755 1124 2811 Q.
1157 2754 1362 2800 Serenus
1395 2770 1406 2799 ε

364 2872 431 2909 Est
445 2868 567 2910 subiti
586 2870 736 2924 species
756 2869 914 2920 morbi,
934 2869 999 2911 cui
1021 2873 1170 2911 nomen
1192 2870 1244 2911 ab
1263 2871 1330 2912 illo
1351 2879 1410 2912 est
1423 2902 1435 2921 ,

363 2939 482 2995 Quod
501 2939 597 2981 ferri
621 2939 736 2981 nobis
754 2939 943 2994 suffragia
959 2942 1066 2995 justa
1081 2948 1262 2990 recusat3

367 3013 479 3065 Saepe
497 3009 645 3051 etenim
659 3009 851 3051 membris
867 3010 953 3051 dcxi
969 3010 1157 3066 languore
1174 3011 1330 3052 caducis

365 3079 589 3122 Concilium
613 3080 751 3135 populi
771 3080 878 3121 labes
892 3080 1092 3122 horrenda
1110 3081 1284 3122 diremit.

260 3190 504 3251 Correptus
525 3200 607 3238 est.
638 3192 763 3237 Test.
786 3191 1020 3237 Plutarch.
1038 3227 1050 3249 ,
1076 3192 1314 3239 Cordubae
1338 3201 1384 3238 et
1407 3192 1468 3238 ad
1492 3193 1746 3254 Thapsum.

259 3270 380 3314 Lato
403 3271 581 3314 clavo...
600 3269 865 3329 fimbriato.
898 3270 956 3315 Η.
988 3285 1026 3315 e.
1056 3270 1214 3316 tunica
1239 3269 1472 3316 laticlavia
1505 3271 1708 3318 manicas
1732 3271 1793 3319 ad
1828 3289 1932 3319 ma-

189 3362 276 3391 nus
305 3362 455 3406 usque
488 3346 691 3392 habente
709 3362 882 3407 easque
906 3345 1104 3392 fimbriis
1135 3356 1325 3395 ornatas
1358 3368 1367 3391 :
1397 3357 1560 3394 contra
1586 3350 1797 3396 omnium
1819 3360 1931 3396 tunc
