2372 3918
377 271 439 332 98
1038 273 1087 317 c.
1122 273 1407 321 sUEToml

374 385 538 450 atque
570 371 674 429 alia
706 373 762 430 id
796 395 997 453 genuS,
1034 376 1205 434 titulis
1240 379 1482 435 obscuris
1515 389 1570 434 et
1602 378 1883 456 ambiguis
1922 380 2071 437 Sole-

373 472 466 528 bat
501 484 555 528 et
586 472 1122 550 inaequalissimarum
1154 497 1336 533 rerum
1365 489 1565 548 sorteS,
1596 489 1650 533 et
1680 494 1890 534 aversas
1918 480 2070 535 tabu-

371 570 548 629 larum
586 574 826 650 picturas
864 575 922 630 in
963 575 1214 631 convivio
1252 576 1559 650 venditare,
1596 578 1908 652 incertoque
1947 596 2073 634 casu

370 691 520 749 spem
551 674 906 729 mercantium
945 672 1029 729 vel
1063 673 1343 744 frustrari,
1375 674 1460 731 vel
1498 675 1742 754 explere3
1777 677 1852 731 ita
1879 688 1941 732 ut
1975 697 2073 754 per

370 770 611 849 singulos
637 770 804 828 lectos
831 770 1055 828 licitatio
1080 771 1256 846 fieret,
1282 785 1336 829 et
1359 794 1453 830 seu
1474 775 1709 851 jactura,
1739 795 1833 831 seu
1861 774 2072 832 lucrum

362 871 881 926 communicaretur.

445 971 700 1026 LXXVI.
746 970 869 1027 Cibi
892 969 1053 1048 (nam
1074 991 1141 1027 ne
1160 971 1273 1028 haec
1292 971 1512 1049 quidem
1533 974 1838 1052 omiserim)
1861 976 2074 1033 minimi

365 1081 508 1140 erat,
543 1081 706 1146 atque
737 1068 976 1148 vulgaris
1006 1070 1133 1127 fere.
1168 1071 1561 1128 Secundarium
1590 1094 1812 1150 panem,
1843 1086 1894 1129 et
1920 1076 2077 1151 pisci-

363 1167 515 1225 culos
549 1169 823 1241 minutOS,
855 1182 911 1225 et
948 1183 1163 1226 caseum
1201 1170 1471 1227 bubulum
1509 1164 1984 1249 manupressum,
2023 1186 2075 1228 et

364 1268 495 1325 ficos
537 1268 739 1326 virides
777 1269 975 1326 biferas
1014 1273 1249 1328 maxime
1282 1273 1571 1349 appetebat
1604 1293 1617 1327 z
1651 1274 2075 1350 vescebaturque

361 1380 417 1423 et
443 1381 570 1425 ante
601 1388 812 1425 coenam
840 1391 1172 1447 quocunque
1203 1384 1449 1448 tempore
1481 1384 1534 1427 et
1565 1371 1710 1443 loc0,
1742 1392 1852 1447 quo
1879 1384 2076 1428 stoma-

363 1467 500 1524 chus
531 1467 904 1525 desiderasset.
934 1470 1120 1526 Verba
1150 1471 1320 1547 ipsius
1348 1489 1413 1526 ex
1441 1468 1681 1547 epistolis
1711 1483 1841 1526 sunt
1870 1491 1883 1526 ε
1917 1496 1944 1523 (ι
1958 1473 2076 1528 Nos

362 1569 419 1623 in
451 1567 638 1624 essedo
670 1589 869 1645 panem
904 1581 960 1625 et
992 1568 1260 1647 palmulas
1291 1571 1690 1648 gustavimus.»
1722 1573 1795 1626 Et
1828 1570 2026 1626 iterum
2060 1592 2074 1626 τ

363 1692 390 1720 «
406 1670 557 1725 Dum
582 1654 771 1724 lectica
794 1689 861 1723 ex
887 1669 1038 1745 regia
1063 1668 1289 1724 domum
1316 1669 1505 1741 redeo,
1529 1671 1685 1747 panis
1708 1670 1928 1725 unciam
1949 1690 2076 1725 cum

358 1769 546 1846 paucis
586 1769 756 1824 acinis
797 1788 916 1824 uvoe
949 1767 1225 1824 duracinae
1260 1768 1535 1824 comedi.»
1569 1772 1639 1825 Et
1674 1790 1861 1825 rursus
1896 1790 1911 1824 ε
1948 1794 1975 1820 α
1993 1771 2076 1826 Ne

358 1867 577 1924 Judaeus
606 1867 854 1943 quidem,
885 1868 961 1922 mi
986 1867 1198 1940 Tiberi,
1224 1880 1338 1923 tam
1366 1866 1655 1945 diligenter
1681 1869 1914 1924 sabbatis
1936 1869 2076 1944 jeju—

359 1969 516 2024 nium
556 1980 765 2041 servat,
805 1988 968 2044 quam
1012 1988 1113 2045 ego
1153 1967 1316 2024 hodie
1352 1969 1590 2040 servavi,
1632 1970 1726 2043 qui
1765 1968 1822 2023 in
1858 1967 2074 2023 balineo

361 2067 582 2123 demum
608 2079 732 2145 post
756 2067 951 2123 horam
980 2068 1214 2144 primam
1238 2068 1413 2123 noctis
1428 2067 1563 2123 duas
1586 2068 1816 2123 bucceas
1839 2066 2075 2122 mandu-

359 2168 511 2240 cavi,
543 2168 863 2245 priusquam
885 2168 1018 2245 ungi
1050 2167 1401 2244 inciperem.»
1429 2170 1514 2223 Ex
1543 2168 1645 2222 hac
1675 2166 2076 2223 inobservantia

360 2284 779 2343 nonnunquam,
808 2265 892 2322 vel
920 2278 1046 2322 ante
1071 2267 1294 2339 initum,
1321 2265 1405 2321 vel
1430 2278 1556 2344 post
1579 2266 1863 2321 dimissum
1892 2268 2076 2322 convi-

359 2369 511 2426 vium
526 2367 671 2424 solus
690 2367 1008 2439 coenitabat,
1026 2387 1198 2443 quum
1214 2364 1382 2443 pleno·
1391 2367 1643 2422 convivio
1655 2366 1791 2422 nihil
1807 2377 2071 2442 tangeret.

440 2470 724 2526 LXXVII.
769 2468 902 2524 Vini
934 2486 1152 2543 quoque
1179 2478 1376 2521 natura
1407 2465 1752 2541 parcissimus
1782 2478 1914 2521 erat.
1943 2468 2073 2522 Non

359 2566 596 2643 amplius
626 2578 709 2622 ter
737 2566 925 2620 bibere
955 2585 1082 2620 eum
1110 2563 1333 2620 solitum
1359 2584 1525 2641 super
1555 2585 1762 2620 coenam
1798 2566 1855 2620 in
1886 2566 2074 2620 castris

359 2665 507 2742 apud
533 2665 834 2736 Mutinam,
865 2662 1151 2721 Cornelius
1177 2665 1362 2741 Nepos
1392 2663 1576 2719 tradit.
1608 2667 1830 2737 Postea,
1861 2665 2073 2741 quoties

327 2764 659 2842 ‘largissime
706 2783 761 2820 se
807 2764 1095 2835 invitaret,
1143 2782 1299 2819 senos
1345 2774 1616 2820 sextantes
1658 2783 1772 2819 non
1813 2764 2070 2836 excessit,
2122 2793 2126 2796 ·

360 2874 481 2937 aut,
519 2865 564 2919 si
595 2864 934 2936 excessisset,
965 2863 1260 2939 rejiciebat.
1295 2866 1366 2920 Et
1400 2865 1632 2919 maxime
1668 2862 1962 2919 delectatus
1992 2875 2072 2918 est

359 2965 595 3033 Raetico,
625 2984 800 3040 neque
830 2976 1033 3020 temere
1062 2963 1303 3019 interdiu
1329 2964 1484 3020 bibit.
1512 2967 1620 3020 Pro
1646 2964 1869 3040 potione
1893 2982 2071 3018 sume-

359 3065 454 3120 bat
481 3061 762 3142 perfusum
799 3084 943 3140 aqua
978 3063 1176 3141 frigida
1206 3083 1430 3139 panem,
1462 3075 1558 3119 aut
1594 3063 1896 3119 cucumeris
1924 3061 2068 3117 frus-

361 3177 506 3238 tum,
539 3163 626 3220 vel
661 3162 948 3220 lactuculae
980 3163 1256 3239 thyrsum,
1290 3174 1385 3218 aut
1423 3183 1611 3219 recens
1647 3162 1930 3218 acidumve
1966 3181 2068 3238 po-

362 3285 512 3320 mum
543 3264 691 3342 succi
723 3262 1024 3318 vinosioriS.
