2372 3918
947 342 1244 387 ‘rmssams
1860 366 1875 394 ,
1888 356 1946 406 47

236 456 429 502 ventus
460 446 545 502 sui
580 466 731 524 spem
761 443 923 514 facit,
954 443 1324 523 complurium
1356 447 1571 504 dierum
1605 471 1784 522 mora,
1830 474 1948 510 cor·

232 561 397 627 rupto
438 547 658 604 demum
701 557 759 601 et
806 543 993 600 tabido
1037 566 1278 623 corpore·
1313 547 1622 605 funeratam
1660 552 1946 628 prohibuit

230 646 562 717 consecrari,
595 644 748 723 quasi
778 644 833 700 id
865 645 983 722 ipsa
1016 644 1345 703 mandasset.
1369 650 1780 705 Testamentum
1810 672 1947 727 quo·

229 767 335 824 que
361 748 477 825 ejus
510 766 614 823 pro
644 745 800 801 irrito
834 744 1055 818 habuit,
1090 767 1390 824 omnesque
1418 749 1684 805 amicitias
1707 761 1763 805 et
1790 749 1946 806 fami·

228 846 522 916 liaritateS,
559 845 726 901 etiam
766 843 967 922 quibus
1004 865 1067 900 ea
1107 845 1317 903 funeris
1358 849 1442 902 sui
1482 868 1672 904 curam
1710 850 1947 927 moriens

225 945 611 1032 demandarat,
651 944 797 1002 intra
844 944 1008 1002 breve
1055 958 1273 1024 tempus
1312 947 1534 1021 afflixit3
1576 970 1689 1005 uno
1730 971 1795 1005 ex
1831 949 1947 1020 his,

222 1046 485 1123 equestris
516 1045 726 1102 ordinis
753 1046 873 1101 viro
892 1088 907 1116 ,
943 1058 999 1101 et
1030 1046 1087 1101 in
1120 1045 1347 1103 antliam
1383 1048 1768 1106 condemnato.

298 1149 419 1203 LII.
464 1145 731 1203 Filiorum
752 1167 929 1223 neque
945 1146 1250 1204 naturalem
1269 1151 1517 1205 Drusum
1530 1193 1545 1222 ,
1572 1171 1749 1227 neque
1769 1150 1942 1229 adop·

220 1250 396 1305 tivum
429 1246 822 1306 Germanicum
841 1290 855 1319 ,
888 1248 1068 1324 patria
1096 1248 1326 1304 caritate
1355 1247 1574 1322 dilexit3
1608 1249 1833 1307 alterius
1864 1252 1945 1306 vi·

222 1350 311 1405 tiis
345 1348 606 1405 infensuS.
650 1350 797 1406 Nam
829 1350 1047 1404 Drusus
1078 1350 1245 1404 animi
1276 1348 1551 1422 fluxioriS,
1594 1352 1943 1407 remissioris-

220 1469 328 1525 que
355 1449 480 1504 vitae
501 1459 635 1504 erat.
655 1450 850 1524 Itaque
869 1468 937 1503 ne
964 1460 1187 1503 mortuo
1215 1447 1436 1524 quidem
1465 1448 1690 1526 perinde
1712 1449 1942 1506 affectus

219 1563 326 1622 est3
351 1550 445 1607 sed
473 1560 689 1605 tantum
715 1569 827 1604 non
855 1548 1040 1604 statim
1068 1568 1101 1603 a
1128 1547 1322 1605 funere
1352 1547 1422 1603 ad
1447 1550 1795 1626 negotiorum
1818 1571 1943 1606 con·

217 1649 564 1706 suetudinem
608 1640 802 1717 rediit,
837 1648 1053 1724 justitio
1091 1646 1340 1725 longiore
1386 1648 1638 1704 inhibito.
1691 1650 1845 1721 Quin
1888 1662 1943 1705 et

219 1749 501 1806 Iliensium
531 1746 725 1826 legatis
749 1746 916 1825 paulo
943 1748 1116 1803 serius
1149 1746 1586 1820 consolantibUS,
1615 1750 1771 1825 quasi
1799 1747 1941 1805 obli-

219 1861 390 1906 terata
412 1850 525 1926 jam
555 1847 761 1904 doloris
800 1848 1093 1919 memoria,
1133 1846 1398 1920 irridens,
1431 1872 1457 1900 «
1478 1850 1547 1904 Se
1577 1869 1821 1925 quoque,
1855 1869 1941 1904 re-

215 1949 465 2027 spondit,
490 1950 665 2006 vicem
689 1967 878 2003 eorum
899 1946 1114 2021 dolere,
1136 1946 1287 2024 quod
1305 1948 1588 2026 egregium
1609 1948 1783 2004 civem
1800 1951 1940 2004 Hec-

213 2064 390 2108 torem
429 2052 752 2108 amisissent.
771 2075 798 2103 >v
840 2048 1176 2107 Germanico
1211 2068 1384 2125 usque
1415 2048 1551 2104 adeo
1581 2048 1938 2119 obtrectavit,

215 2165 276 2208 ut
309 2164 363 2208 et
395 2150 656 2229 praeclara
694 2149 838 2207 facta
873 2150 991 2226 ejus
1020 2170 1124 2227 pro
1171 2148 1525 2225 supervacuis
1571 2147 1843 2220 elevaret,
1884 2159 1939 2202 et

211 2252 628 2331 gloriosissimas
667 2250 954 2321 victoriaS,
997 2269 1097 2306 ceu
1137 2246 1427 2303 damnosas
1469 2246 1815 2324 reipublicae,
1850 2247 1939 2302 in-

212 2364 477 2431 creparet.
513 2350 684 2425 Quod
721 2370 854 2407 vero
885 2347 1310 2419 Alexandriam,
1350 2359 1579 2424 propter
1614 2346 1937 2402 immensam

211 2468 267 2512 et
293 2454 640 2532 repentinam
664 2451 893 2523 famem,
925 2447 1240 2505 inconsulto
1263 2468 1320 2504 se
1346 2447 1576 2519 adisset,
1606 2458 1831 2523 questus
1856 2457 1939 2502 est

213 2556 270 2610 in
309 2565 521 2610 senatu.
560 2553 742 2609 Etiam
781 2571 947 2608 causa
988 2550 1182 2606 mortis
1218 2547 1383 2603 fuisse
1427 2548 1475 2603 ei
1517 2567 1616 2623 per
1643 2548 1745 2603 Cn.
1782 2546 1938 2602 Piso-

215 2676 341 2711 nem
359 2697 374 2724 ,
399 2652 646 2731 legatum
667 2653 835 2729 Syriae
851 2693 866 2720 ,
898 2648 1145 2707 creditur
1171 2670 1183 2704 :
1209 2668 1373 2724 quem
1411 2667 1538 2702 mox
1567 2645 1733 2722 hujus
1757 2645 1942 2700 crimi-

213 2757 297 2811 nis
326 2775 509 2823 reum,
542 2763 740 2829 putant
771 2749 998 2827 quidam
1030 2746 1290 2804 mandata
1321 2743 1703 2824 prolaturum,
1736 2744 1842 2799 nisi
1876 2764 1938 2799 ea

215 2866 423 2912 secreta
462 2853 761 2908 obstarent.
800 2852 905 2905 Per
938 2868 1059 2924 quae
1100 2845 1458 2902 multifariam
1497 2845 1853 2922 inscriptum,
1886 2855 1940 2898 et

213 2977 311 3033 per
347 2965 537 3010 noctes
571 2950 926 3007 celeberrime
962 2943 1326 3002 acclamatum
1365 2954 1446 2999 est
1476 2965 1490 2998 ε
1522 2942 1758 2999 «Redde
1798 2944 1938 2998 Ger-

216 3055 509 3110 manicum.
530 3075 557 3104 »
591 3052 777 3123 Quam
804 3046 1173 3126 suspicionem
1206 3042 1553 3100 confirmavit
1586 3043 1702 3119 ipse
1727 3053 1940 3119 postea,

217 3154 451 3232 conjuge
483 3153 648 3209 etiam
672 3172 735 3207 ac
755 3149 941 3206 liberis
968 3145 1289 3205 Germanici
1320 3139 1596 3198 crudelem
1614 3141 1687 3222 ,in
1715 3138 1941 3196 modum

216 3254 448 3311 afflictis.

297 3357 445 3412 LIII.
481 3357 704 3413 Nurum
738 3350 1135 3429 Agrippinam,
1171 3357 1295 3423 post
1329 3342 1514 3400 mariti
1546 3353 1780 3398 mortem
1805 3338 1939 3403 libc-

1616 3460 1702 3496 10.
