2372 3918
415 266 430 295 ι
448 250 504 296 '36
1189 251 1380 296 NOTAE

476 347 579 390 Hoc
605 347 862 391 voluerunt.
885 343 1011 391 Vide
1037 347 1316 391 Pnurancn.
1332 382 1346 406 ‚
1376 347 1538 393 eadem
1555 347 1617 392 ad
1640 348 1838 393 verbum
1866 350 2146 399 referentem

407 423 456 467 in
489 422 641 477 Coes.,
664 438 714 484 p.
751 421 860 481 730.

476 499 628 545 Tertio
661 499 792 545 libro.
823 500 937 560 Cap.
975 514 1051 544 21.
1084 500 1225 546 Unde
1253 510 1386 561 patet
1401 537 1414 559 ,
1442 511 1563 547 auct.
1588 503 1741 549 Hase:
1766 523 1785 543 α
1813 519 1927 563 quos
1955 505 2020 551 sic
2044 507 2147 567 ipse

406 576 641 622 convertit
655 595 681 619 n
721 576 962 638 pertinere
1011 575 1073 621 ad
1112 576 1403 624 Ciceronem.
1442 579 1504 625 Hi
1541 589 1649 624 sunt
1686 579 1927 640 Euripidis
1960 598 2147 641 versus,

406 652 669 708 Phoeniss„
700 651 792 712 573
825 670 836 698 ι

606 788 729 845 Εἴπερ
753 787 829 845 γὰρ
861 784 1020 830 ἀδικεῖν
1049 790 1151 845 χρὴ,
1181 785 1415 845 τυραννίδος
1436 791 1528 846 πέρι

600 865 831 907 Κάλλιστον
867 860 1039 907 &laxas
1063 866 1196 907 τᾶλλα
1221 860 1269 906 δὲ
1296 864 1470 907 εὐσεὲεἷν
1496 866 1635 923 χρεών.

468 986 578 1031 Cn.
602 984 794 1030 XXXI.
812 983 1210 1029 Inter-cessionem.
1226 983 1335 1028 Caes.
1352 1019 1366 1042 ‚
1392 986 1513 1028 Bell.
1542 984 1633 1030 Cc'v.
1649 1019 1664 1040 ,
1694 1001 1713 1030 1
1728 1021 1742 1044 ,
1772 985 1799 1031 5
1834 1002 1845 1031 :
1877 990 2142 1050 «Aguntur

403 1061 561 1107 omnia
589 1060 764 1122 raptim
793 1069 937 1121 atque
958 1057 1149 1105 turbate
1175 1076 1186 1104 :
1210 1075 1368 1120 neque
1395 1059 1603 1107 docendi
1627 1063 1819 1109 Caesaris
1850 1065 2141 1128 propinquis

401 1139 503 1199 eJus
523 1139 728 1199 spatium
751 1135 917 1195 datur,
946 1153 1035 1182 nec
1072 1136 1277 1182 tribunis
1302 1137 1456 1197 plebis
1481 1137 1555 1183 sui
1584 1139 1785 1198 periculi
1820 1141 2140 1203 deprecandi,

398 1230 558 1277 neque
587 1215 728 1261 etiam
750 1213 948 1259 extremi
974 1213 1096 1272 juris
1120 1213 1455 1269 intercessione
1478 1216 1738 1274 retinendi,
1769 1219 1905 1278 quod
1930 1221 1983 1264 L.
2010 1221 2139 1267 Sulla

399 1293 631 1354 liquerat,
662 1292 858 1337 facultas
884 1290 1115 1337 tribuitur
1123 1308 1138 1347 3
1172 1290 1256 1336 sed
1287 1291 1347 1336 de
1374 1290 1458 1336 sua
1480 1293 1628 1338 salute
1665 1294 1866 1353 septimo
1895 1296 1972 1342 die
2001 1298 2139 1360 cogi-

401 1378 501 1416 tare
517 1375 773 1431 coguntur.
802 1387 823 1408 ι»

467 1446 683 1492 Cessisse.
716 1445 922 1490 Jubente
951 1445 1157 1490 Lentulo
1185 1460 1281 1490 cos.
1312 1445 1433 1502 Dio,
1460 1460 1543 1490 x1.1
1553 1481 1567 1504 ,
1592 1462 1640 1506 p.
1679 1446 1766 1493 153
1800 1464 1811 1492 :
1838 1456 1934 1514 Πρὶν
1962 1457 2037 1506 τὰς
2068 1459 2142 1515 ψῆ-

397 1547 490 1588 φους
509 1524 776 1587 διενεχθῆναι.

467 1602 624 1647 Dedit.
666 1600 928 1658 Plutarch,
963 1598 1049 1644 ubi
1085 1614 1189 1659 sup·
1219 1615 1235 1648 ,Ξ
1273 1607 1427 1664 Μικρὸν
1471 1602 1554 1665 ,πρὸ
1580 1610 1752 1667 ἑσπέρας
1795 1613 2045 1668 θεραπεύσας
2093 1614 2138 1655 τὸ
2199 1604 2209 1608 X

400 1692 544 1745 σῶμα,
569 1684 779 1743 παρελθὼν
812 1684 868 1733 εἰς
885 1682 952 1726 τὸν
978 1678 1168 1740 ἀνδρῶνα
1189 1682 1259 1725 καὶ
1285 1684 1571 1751 συγγενόμενοέ
1596 1689 1756 1743 βραχέα
1779 1689 1862 1736 τοῖς
1882 1690 2138 1748 κεκλημένοις

400 1762 468 1807 ἐπὶ
489 1763 536 1806 τὸ
560 1756 741 1805 δεῖπνον.

465 1829 586 1879 Post
600 1833 716 1878 solis
736 1847 969 1877 occasum.
1005 1831 1209 1892 Appian.
1225 1865 1240 1889 ,
1272 1830 1359 1875 uhi
1381 1847 1485 1891 sup.
1519 1848 1530 1875 :
1564 1841 1694 1888 Αὐτὸς
1729 1836 1779 1882 δὲ
1812 1841 1903 1899 περὶ
1935 1844 2107 1899 ἑσπέραν
2132 1879 2141 1892 ,

397 1921 447 1970 ὣς
467 1913 523 1965 δὴ
543 1918 592 1960 τὸ
608 1922 732 1975 σῶμα
748 1915 1045 1974 ἐνοχλούμενος,
1066 1915 1302 1973 ὑπεχώρησε
1320 1920 1390 1957 τοῦ
1408 1917 1634 1981 συ-μποσὶου
1658 1918 1749 1966 τοὺς
1766 1919 1898 1974 φίλους
1921 1920 2132 1963 ἀπολιπὼν

401 1998 461 2038 ἔτι
497 1997 731 2038 ἑστιᾶσθαι.

464 2064 750 2109 Laminibus.
769 2062 1016 2109 Nocturna
1030 2061 1202 2108 itinera
1225 2062 1339 2107 dum
1366 2062 1731 2125 ingrederentur
1740 2098 1753 2121 ,
1770 2063 1893 2110 faces
1908 2066 1999 2111 sibi
2010 2083 2138 2128 prae-

398 2141 523 2187 serre
549 2141 764 2187 solebant
786 2147 981 2184 veteres.

464 2219 550 2264 Ad
563 2220 726 2263 lucem.
751 2215 859 2262 Scil.
884 2216 973 2261 suh
997 2215 1074 2260 die
1107 2224 1294 2261 ortum:
1313 2218 1382 2261 ad
1402 2233 1492 2277 pro
1509 2228 1646 2274 ante,
1671 2226 1724 2262 ut
1746 2219 1922 2278 Plaut.,
1938 2222 2110 2268 Pseud.
2124 2257 2139 2278 ,

398 2311 445 2353 1,
471 2294 523 2354 5,
556 2295 646 2345 116
681 2310 693 2338 ς

570 2411 766 2453 Effectum
787 2411 866 2452 hoc
885 2411 1052 2452 reddam
1071 2411 1123 2452 ad
1143 2425 1369 2466 vesperum.

463 2524 722 2585 Reputans.
745 2523 1006 2581 Plutarch„
1037 2522 1123 2567 uhi
1139 2539 1243 2583 sup.
1277 2538 1288 2566 :
1310 2522 1650 2586 Ᾰναλογιζόμενος
1680 2529 1825 2575 ἡλίκων
1852 2537 1989 2574 κακῶν
2026 2534 2140 2591 ἄρξει

397 2611 523 2651 πᾶσιν
552 2607 774 2666 ἀνθρώποις
796 2610 823 2655 ἡ
846 2603 1061 2658 διοίὸασις,
1091 2607 1230 2649 ὅσοντε
1254 2606 1368 2664 λόγον
1401 2607 1525 2654 αὐτῆς
1538 2606 1622 2654 τοῖς
1638 2600 1754 2655 αὖθις
1778 2606 2003 2664 ἀπολείψει.

463 2679 575 2724 Cn.
600 2677 817 2724 XXXII.
845 2679 1134 2721 AEneatoreS.
1158 2677 1199 2721 E
1225 2677 1403 2737 glossa,
1421 2684 1640 2721 «aeneator
1665 2683 1931 2743 σαλπιγκτής,

468 2756 600 2800 Esto.
623 2755 695 2800 Ex
725 2753 1056 2799 emendatione
1085 2753 1280 2798 Erasmi.

467 2833 579 2879 Cn.
601 2831 842 2877 XXXIII.
861 2830 1086 2875 Discissa.
1103 2831 1334 2875 Dolorem
1355 2830 1504 2876 scissis
1526 2833 1735 2880 vestibus
1757 2833 1917 2880 testari
1933 2836 2140 2881 solemne

399 2918 501 2955 erat
524 2907 655 2969 apud
674 2915 874 2952 veteres.

468 2986 721 3047 Equestres
744 3001 922 3030 census.
951 2985 1011 3030 H.
1029 3000 1068 3029 e.
1087 2993 1266 3030 tantam
1280 2986 1556 3045 pecuniam,
1584 2997 1811 3048 quantam
1822 3003 1961 3049 eques
1982 2997 2036 3033 ut
2061 3004 2135 3033 es·-

402 3072 491 3122 set,
514 3062 916 3110 habere‘debebat
940 3063 1182 3108 Romanus
1207 3077 1218 3106 τ
1243 3074 1474 3123 equestres
1489 3079 1653 3108 census
1668 3074 1802 3110 erant
1818 3064 2137 3127 quadringen-

402 3149 564 3186 torum
594 3138 793 3186 millium
823 3139 951 3186 H.-s.
982 3139 1114 3184 Infra
1139 3140 1474 3201 quadringenis
1489 3141 1735 3187 mendum.

468 3217 689 3279 Digitum.
714 3216 821 3262 Scil.
847 3215 1044 3261 minimo
1059 3217 1360 3277 proximum:
1383 3216 1494 3263 huic
1525 3217 1649 3263 enim
1674 3221 1899 3265 annulum
1926 3218 2141 3264 inserue-

405 3301 518 3339 runt
549 3302 744 3339 veteres.
