2372 3918
402 280 422 309 1
432 265 493 310 60
1182 264 1374 309 NOTAE

394 378 452 408 eo
483 361 588 422 ipso
619 360 728 404 loco
758 357 844 405 ubi
878 359 1095 405 columna
1127 368 1332 406 steterat.
1359 358 1581 421 Appiano
1599 366 1739 416 teste,
1769 357 1946 404 ibidem
1973 361 2143 422 Augu-

394 447 492 483 stus
520 437 751 497 templum
774 437 1019 483 exstruxit.
1874 428 1881 434 ⁸

461 515 560 559 Per·
586 513 837 560 Caesarem.
862 515 1060 561 Tertull.
1076 549 1090 573 ,
1115 516 1310 575 Apoll„
1335 529 1498 559 xxvn1
1525 529 1536 558 ε
1566 512 1750 560 «Citius
1780 513 1910 574 apud
1942 528 2029 559 vos
2058 528 2147 574 per

397 605 562 637 omnes
584 590 725 650 deos,
755 606 899 652 quam
929 607 1017 652 per
1040 606 1190 635 unum
1216 589 1407 653 genium
1436 590 1627 636 Caesaris
1647 589 1904 650 pejeratur.
1927 610 1948 632 »

462 665 791 726 sure-jurando.
810 667 934 714 Vide
960 683 1063 728 cap.
1083 683 1279 713 Lxxxtv.

464 745 576 790 Cn.
602 746 903 794 LXXXVII.
939 745 1085 806 Apud
1106 743 1480 805 Xenophontem.
1511 745 1568 789 In
1602 744 1806 804 Cynop„
1831 756 1960 801 vta,
1990 759 2033 802 7.

464 821 761 867 Proetulerat.
793 821 1051 878 Plutarch„
1089 821 1336 882 Apophth.
1362 855 1378 876 ‚
1410 837 1460 882 p.
1500 821 1594 866 206
1627 837 1637 865 :
1670 818 1800 885 Λόγοι)
1830 822 1881 869 δὲ
1913 826 2030 885 παρὰ
2067 822 2152 869 δεῖ·

398 923 493 958 πνον
520 907 767 964 ἐμπεσόντος
786 905 879 965 περὶ
894 906 1069 950 θανάτου
1083 939 1095 959 ‚
1117 907 1231 955 ποῖος
1254 897 1425 964 doto-roc·
1449 897 1486 949 ὁ
1511 901 1832 964 ἀπροςδόκητος,
1850 899 1952 947 εἷπε.

467 975 578 1020 Cn».
604 977 928 1022 LXXXVIII.
967 976 1269 1022 Consecratos
1293 976 1350 1020 ei.
1376 977 1435 1021 H.
1468 992 1508 1021 e.
1538 977 1597 1021 ab
1625 991 1710 1033 eo,
1740 974 1942 1032 Caesare,
1965 971 2143 1019 Veneri

398 1051 650 1112 genetrici,
679 1052 763 1098 sed
784 1052 1080 1111 noneditos,
1105 1051 1310 1098 docente
1335 1053 1403 1098 Cl.
1432 1054 1573 1098 Hase.

469 1127 622 1173 Stella
646 1129 828 1174 crinita.
858 1130 993 1175 Idem
1019 1138 1183 1175 narrat
1205 1129 1349 1188 Plin.,
1377 1146 1447 1188 11,
1473 1129 1550 1177 25.

475 1206 676 1253 obstrui.
703 1208 955 1252 Incensum
991 1222 1018 1252 a
1046 1207 1188 1267 plebe
1230 1206 1346 1253 dicit
1382 1206 1613 1268 Appiam,
1649 1208 1708 1252 B.
1737 1207 1812 1263 C.,
1841 1222 1908 1264 11,
1930 1221 1979 1267 p.
2007 1202 2099 1251 521
2135 1222 2149 1251 ε

400 1290 705 1348 Βουλευτῆριον,
741 1291 835 1334 ἔνθα
863 1291 882 1333 ὁ
913 1293 1081 1349 Καῖσαρ
1107 1291 1307 1349 ἀνῄρητο,
1331 1290 1594 1348 κατέφλεξαν.

467 1360 578 1405 Cn.
604 1361 885 1406 LXXXIX.
911 1361 1009 1406 Sua
1031 1359 1194 1407 morte.
1219 1362 1279 1406 H.
1305 1377 1344 1407 e.
1370 1370 1548 1407 naturae
1564 1359 1805 1406 communi
1825 1361 1944 1422 lege.
1969 1361 2152 1420 Senec.,

400 1438 556 1497 Epist.
581 1453 699 1486 Lxrx
735 1454 746 1483 :
775 1457 796 1479 «
813 1439 941 1483 Bella
963 1454 1038 1484 res
1069 1447 1137 1484 est
1157 1438 1280 1485 mori
1303 1454 1385 1484 sua
1415 1447 1584 1499 morte.
1601 1458 1621 1479 n

474 1516 713 1561 Damnati
731 1531 906 1562 omnes.
932 1517 1053 1563 Vell.
1067 1551 1080 1574 ,
1105 1532 1174 1575 11,
1198 1515 1261 1578 69
1288 1533 1298 1561 ε
1331 1536 1355 1575 «r
1368 1517 1496 1578 Lege
1523 1514 1690 1573 Pedia,
1715 1530 1861 1576 quam
1883 1516 2048 1561 consul
2066 1517 2159 1562 Pe-

407 1592 536 1651 dius,
561 1595 743 1655 collega
759 1592 949 1639 Caesaris
976 1590 994 1642 (
1004 1591 1242 1658 Octavii),
1270 1594 1464 1653 tulerat,
1482 1592 1703 1638 omnibus
1727 1592 1813 1654 qui
1829 1594 2055 1640 Caesarem
2076 1609 2160 1655 pa·

405 1678 527 1716 trem
558 1667 917 1730 interfecerant,
942 1687 1067 1732 aqua
1090 1671 1286 1733 ignique
1315 1670 1547 1718 damnafis
1569 1670 1875 1716 interdictum
1902 1678 2017 1734 erat.
2036 1691 2056 1712 »

471 1751 826 1794 Inter-emerunt.
856 1749 1172 1809 Semetipsum
1197 1749 1410 1795 Cassium
1438 1738 1728 1794 interfecisse
1752 1748 1921 1794 eodem
1944 1747 2158 1810 pugione

390 1841 506 1886 equo
553 1825 782 1871 Caesarem
817 1835 1141 1885 percusserat,
1174 1826 1317 1872 docet
1357 1826 1593 1871 Plutarch.
1637 1824 1688 1870 in
1716 1825 1865 1880 Coes.‚
1906 1841 1956 1886 p.
2009 1832 2103 1884 740
2143 1842 2155 1870 ε

408 1908 765 1966 Θαυμασιώτατον
791 1905 842 1951 δὲ
879 1915 958 1952 τῶν
992 1910 1064 1968 μὲν
1090 1910 1343 1968 ἀνθρωπίνων
1372 1911 1418 1952 τὸ
1447 1909 1540 1969 περὶ
1565 1910 1765 1952 Κάσσιον·
1796 1908 1982 1960 ἡττηθεὶς
2009 1909 2086 1968 γὰρ
2117 1910 2181 1952 ἐν.

406 1986 640 2040 Φιλίπποις,
664 1986 799 2044 ἐκείνῳ
826 1993 884 2045 τῷ
910 1983 1070 2046 ξιφιδίῳ
1094 1983 1310 2045 διέφθειρεν
1337 1988 1500 2041 ἑαυτὸν,
1517 1982 1548 2044 ᾧ
1570 1986 1683 2030 κατὰ
1706 1987 1917 2046 Καίσαρος
1941 1987 2157 2045 ἐχρήσατο.

896 2426 977 2481 ΙΝ
1021 2424 1186 2482 OCT.
1233 2420 1671 2482 AUGUSTUM.

481 2661 592 2706 Cn.
618 2661 655 2710 Ῑ.
690 2658 892 2704 Velitnte.
918 2660 1206 2705 Volscorum
1238 2659 1473 2720 oppidum
1489 2693 1503 2717 ,
1537 2657 1597 2704 de
1621 2674 1721 2720 quo
1752 2659 1922 2706 Cellar.
1937 2694 1953 2719 ,
1986 2661 2157 2723 Geogr.

411 2748 540 2793 ant„
571 2753 637 2796 11,
669 2753 726 2798 9,
749 2752 798 2797 p.
825 2737 938 2784 813.
1499 2759 1503 2762 ·

455 2802 461 2807 ’
485 2814 810 2860 Celeberrc‘ma.
845 2813 904 2858 H.
931 2809 970 2860 e'.
993 2814 1196 2860 maxime
1218 2814 1533 2875 frequentata.

490 2892 683 2938 Octavio
708 2902 995 2937 consecrata.
1029 2894 1249 2939 Burman.
1261 2927 1275 2950 ,
1307 2891 1620 2952 Oudendorp.
1632 2926 1646 2950 ,
1670 2891 1816 2941 Wolf.
1834 2900 1881 2937 et
1902 2891 2055 2939 Reitz.
2081 2892 2160 2939 in-

413 2969 632 3031 telligunt
655 2985 712 3015 ex
742 2969 869 3030 Lips.
896 2969 958 3015 ad
984 2970 1159 3029 Tacit.,
1187 2972 1393 3025 Annal.‚
1421 2984 1488 3026 11,
1516 2967 1577 3014 50
1606 2984 1617 3011 :
1645 2987 1666 3010 α
1695 2969 1840 3014 Aram
1871 2969 1932 3015 ab
1955 2970 2158 3017 Octavio

412 3048 495 3093 illo
517 3046 661 3094 Marti
692 3057 1035 3108 consecratam,
1054 3069 1074 3090 »
1100 3065 1230 3110 quae,
1251 3055 1476 3093 monente
1492 3047 1560 3092 Cl.
1588 3048 1742 3102 Hase,
1768 3046 2031 3094 conditoris
2053 3049 2156 3095 Oc-

413 3124 529 3171 tavii
548 3140 726 3170 nomen
751 3125 1006 3171 retinebat.
1032 3125 1108 3172 Sic
1132 3128 1178 3171 ei
1195 3123 1455 3171 consecrati
1488 3138 1580 3183 pro
1603 3123 1663 3168 ah
1702 3138 1757 3169 eo
1787 3126 2080 3180 consecrati,
2105 3125 2157 3170 in

417 3202 563 3257 Caes.,
589 3217 828 3248 anvm.

487 3279 742 3324 prosecuit.
773 3278 832 3324 H.
862 3293 901 3324 e.
928 3277 1152 3324 dissecuit
1175 3286 1222 3322 et
1244 3285 1466 3323 extorum
1480 3276 1719 3337 prosicias
1755 3291 1847 3322 arae
1877 3276 2118 3337 imposuit.
