2372 3918
843 230 889 275 c.
919 229 1129 275 sumus
1159 228 1384 272 CAEsAn.
1903 238 1962 283 29

269 339 476 393 senatui
500 336 788 393 affirmavit
811 355 823 388 :
851 353 971 409 quae
1002 333 1136 388 scire
1159 333 1222 387 C.
1246 331 1503 402 Matium,
1528 343 1580 386 et
1603 333 1664 386 C.
1690 331 1930 408 Oppium
1948 371 1963 399 ,

268 435 617 513 reliquosque,
640 432 864 490 Caesaris
895 431 1096 488 amicos
1125 450 1139 485 ε
1173 449 1407 505 quorum
1435 430 1498 484 C.
1531 430 1778 505 Oppius,
1809 430 1960 504 quasi

268 534 425 611 plane
464 534 769 591 defensione
803 552 865 587 ac
902 531 1204 608 patrocinio
1243 549 1326 584 res
1361 539 1572 604 egeret,
1609 526 1809 582 librum
1849 527 1963 583 edi-

266 619 373 703 dit,
402 658 430 687 «
448 636 575 691 Non
607 653 720 689 esse
747 631 973 688 Caesaris
1003 629 1175 686 filium
1194 673 1210 698 ,
1242 649 1405 705 quem
1434 626 1726 706 Cleopatra
1758 627 1914 683 dicat.
1939 653 1964 679 »

266 732 485 789 Helvius
514 733 713 803 Cinna,
757 732 1008 787 tribunus
1042 728 1240 807 plebis,
1271 726 1544 805 plerisque
1577 726 1852 783 confessus
1886 739 1966 781 est

266 833 514 889 habuisse
555 852 611 887 se
647 833 902 909 scriptam
945 842 1295 908 paratamque
1335 827 1507 905 legem
1526 870 1541 900 ,
1582 848 1747 904 quam
1786 829 1966 884 Caesar

265 932 404 988 ferre
427 933 696 1008 jussisset,
724 951 894 1008 quum
922 931 1036 1007 ipse
1064 930 1298 1002 abesset,
1329 930 1409 984 uti
1438 947 1632 983 uxores
1662 925 1957 982 liberorum

265 1030 681 1109 quaerendorum
719 1051 910 1101 causa,
946 1050 1080 1110 quas
1120 1041 1173 1085 et
1208 1040 1343 1106 quot
1377 1026 1565 1099 vellet,
1595 1026 1794 1082 ducere
1832 1025 1959 1082 lice-

266 1144 364 1187 ret.
396 1135 477 1188 Ac
507 1152 575 1187 ne
599 1132 687 1187 cui
713 1130 941 1186 dubium
965 1130 1190 1185 omnino
1218 1129 1317 1198 sit,
1348 1140 1402 1183 et
1432 1125 1783 1204 impudicitiae
1811 1146 1932 1181 eum
1950 1168 1966 1196 ,

265 1242 319 1286 et
343 1229 734 1286 adulteriorum
770 1229 1022 1307 flagrasse
1056 1227 1311 1298 infamia,
1342 1228 1513 1284 Curio
1546 1238 1698 1302 pater
1730 1224 1965 1301 quadam

266 1350 390 1385 eum
433 1331 677 1386 oratione
713 1331 1002 1386 «omnium
1040 1327 1331 1385 mulierum
1371 1328 1582 1397 virum,
1625 1338 1678 1382 et
1721 1326 1968 1380 omnium

267 1430 510 1486 virorum
543 1428 861 1485 mulierem»
893 1427 1144 1507 appellat.

343 1531 489 1585 LIII.
531 1530 662 1586 Vini
702 1529 1077 1606 parcissimum
1115 1548 1182 1583 ne
1222 1527 1424 1583 inimici
1469 1525 1689 1602 quidem
1734 1546 1965 1603 negave-

268 1640 412 1684 runt.
455 1629 702 1685 Verbum
746 1630 825 1683 M.
871 1627 1094 1684 Catonis
1141 1638 1222 1682 est
1267 1646 1280 1680 ε
1323 1649 1350 1677 (ε
1372 1629 1561 1682 Unum
1608 1646 1673 1680 ex
1717 1625 1969 1680 omnibus

265 1730 531 1784 Caesarem
573 1727 642 1782 ad
682 1725 1028 1782 evertendam
1066 1723 1456 1802 rempublicam
1501 1724 1746 1780 sobrium
1792 1744 1968 1779 acces-

266 1827 409 1882 sisse.
432 1849 459 1879 »
488 1827 631 1883 Nam
659 1827 801 1882 circa
829 1827 1035 1881 victum
1065 1827 1126 1882 C.
1157 1825 1370 1902 Oppius
1403 1823 1539 1879 adeo
1573 1823 1970 1879 indifferentem

267 1926 455 1998 docet,
500 1938 561 1993 ut
603 1925 880 2003 quondam
921 1927 990 1982 ab
1030 1925 1243 2003 hospite
1288 1923 1570 1981 conditum
1614 1922 1829 1996 oleum,
1870 1944 1973 2000 pro

268 2026 425 2083 viridi
469 2028 811 2105 appositum,
858 2026 1271 2105 aspernantibus
1324 2026 1548 2098 ceteriS,
1593 2024 1769 2081 solum
1810 2026 1988 2104 etiam¹

226 2174 229 2178 .
269 2123 469 2204 largius
511 2126 652 2183 dicat
692 2128 992 2204 appetisse,
1039 2148 1107 2187 ne
1149 2127 1420 2205 hospitem
1465 2138 1560 2181 aut
1600 2123 1970 2202 negligentiae,

268 2238 364 2282 aut
389 2227 700 2282 rusticitatis
732 2226 1008 2283 videretur
1039 2248 1284 2305 arguere.

345 2327 488 2381 LIV.
530 2325 925 2383 Abstinentiam
959 2347 1134 2404 neque
1170 2328 1224 2382 in
1259 2328 1529 2404 imperiiS,
1561 2347 1736 2402 neque
1769 2328 1825 2381 in
1861 2346 1974 2382 ma-

268 2424 580 2501 gistratibus
615 2426 879 2502 praestitit.
917 2429 994 2482 Ut
1026 2428 1172 2482 enim
1204 2426 1425 2502 quidam
1461 2428 1826 2481 monumentis
1862 2427 1973 2482 suis

269 2523 447 2579 testati
475 2535 632 2594 sunt,
653 2525 709 2580 in
721 2523 1370 2606 Hispaniaaproconsule
1397 2536 1451 2581 et
1479 2545 1511 2580 a
1536 2526 1691 2580 sociis
1720 2526 1973 2602 pecunias

270 2622 500 2698 accepit,
534 2622 891 2680 emendicatas
922 2626 978 2680 in
1010 2624 1271 2681 auxilium
1306 2626 1423 2681 aeris
1456 2624 1646 2694 alieni,
1678 2638 1732 2681 et
1759 2628 1974 2681 Lusita-

271 2740 468 2776 norum
516 2721 761 2797 quaedam
799 2724 1031 2800 oppida,
1071 2746 1386 2800 quanquam
1427 2747 1526 2782 nec
1570 2727 1834 2803 imperata
1878 2726 1973 2782 de-

270 2831 591 2892 trectarent,
632 2831 684 2875 et
726 2820 1032 2877 advenienti
1075 2836 1260 2899 portas
1303 2825 1697 2900 patefacerent,
1746 2825 1974 2902 diripuit

270 2917 552 2975 hostiliter.
593 2920 658 2975 In
694 2917 874 2976 Gallia
901 2920 1025 2975 fana
1060 2920 1368 2997 templaque
1396 2922 1559 2979 deum
1592 2924 1747 2979 donis
1776 2924 1973 2980 referta

270 3017 556 3096 expilavit,
604 3017 763 3075 urbes
813 3017 1011 3089 diruit,
1060 3021 1253 3096 saepius
1293 3025 1363 3076 ob
1415 3022 1652 3097 praedam
1699 3044 1861 3099 quam
1903 3024 1971 3079 ob

271 3116 528 3173 delictum
561 3139 573 3171 ε
610 3115 754 3172 unde
789 3117 991 3174 factum
1042 3131 1103 3175 ut
1154 3140 1288 3175 auro
1325 3119 1655 3193 abundaret,
1701 3123 1973 3199 ternisque

272 3215 509 3273 millibus
535 3236 820 3273 nummum
851 3218 905 3272 in
935 3216 1099 3274 libras
1126 3219 1461 3296 promercale
1489 3241 1582 3295 per
1610 3219 1819 3277 Italiam
1850 3243 1971 3298 pro-
