2372 3918
443 282 460 309 1
475 265 532 311 56
1210 272 1401 317 NOTAE

437 364 818 410 animadvertere.
837 367 942 411 Hoc
966 366 1085 427 quid
1109 367 1274 428 fuerit,
1299 367 1503 428 explicat
1530 368 1717 426 Senec.,
1741 369 1897 430 Epist.
1924 384 2036 414 Lx1v
2064 386 2110 414 2«
2137 370 2185 416 si

440 434 682 486 consulem
704 440 897 501 vid'ero,
922 452 1004 489 aut
1039 453 1315 504 praetorem,
1340 445 1498 491 omnia
1523 446 1699 507 quibus
1722 446 1879 491 honor
1907 446 2072 492 haberi
2099 463 2179 493 so-

439 517 524 574 let,
549 517 714 565 faciam
741 536 752 565 :
782 509 908 581 equo
934 520 1169 580 desiliam,
1194 532 1336 582 caput
1361 523 1657 584 adaperiam,
1683 524 1843 568 semita
1867 523 2047 570 cedam.
2065 545 2085 565 »

509 599 554 640 Α
569 598 824 659 sexaginta
841 600 1061 658 ampliuS.
1077 600 1261 645 Horum
1277 600 1470 646 nomina
1486 601 1676 662 collegit
1694 601 1960 647 Casaubon.
1979 601 2041 647 ad
2055 602 2102 647 h.
2125 603 2154 647 l.
2173 618 2187 658 ;

443 673 527 720 sed
557 689 616 719 ex
640 675 862 736 Appiano
888 677 1207 736 supplendum
1231 686 1277 724 et
1302 678 1639 740 corrigendum
1662 688 1823 724 monet
1848 679 1915 724 Cl.
1941 680 2084 725 Hase.

510 751 732 796 Partibus
765 753 937 798 divisas.
974 754 1031 799 H.
1058 769 1098 799 e.
1131 753 1232 800 aliis
1255 770 1398 815 super
1420 764 1567 815 ponte
1583 790 1597 813 ,
1621 755 1721 801 aliis
1745 756 1834 801 sub
1857 763 2006 816 ponte
2031 757 2187 803 collo-

442 827 570 874 catis.

509 905 670 950 Ponte.
709 906 767 951 H.
808 922 848 951 e.
884 915 1032 967 ponte
1064 909 1301 964 tabulato,
1340 909 1390 954 in
1428 926 1596 971 campo
1629 909 1804 955 Martio
1836 918 2106 967 exstructo,
2138 910 2187 955 in

443 996 586 1042 quem
611 982 928 1028 ascendebant
959 984 1153 1048 singulae
1175 1001 1263 1046 per
1292 985 1443 1031 vicem
1466 987 1618 1033 tribus
1641 986 1865 1048 suffragia
1887 986 2073 1043 laturae,
2099 986 2189 1031 da-

443 1058 600 1120 tisque
635 1060 871 1123 suffragiis
897 1060 946 1106 in
981 1072 1194 1108 montem
1221 1063 1441 1109 Citon'um
1465 1061 1542 1128 (al.
1580 1061 1890 1126 Citatorum),
1916 1063 2000 1125 qui
2031 1062 2188 1110 dextri

446 1135 600 1196 campi
623 1137 785 1182 Martii
808 1138 966 1184 lateris
989 1148 1173 1199 partem
1208 1140 1482 1200 occupavit,
1512 1141 1790 1187 transibant.

519 1213 562 1257 T
557 1213 723 1258 lzeatri.
749 1214 847 1260 Ubi
863 1223 976 1260 tunc
991 1216 1094 1261 ludi
1118 1216 1430 1278 agitabantur.
1458 1218 1687 1278 Appian.,
1713 1219 1771 1262 B.
1799 1217 1875 1272 C„
1904 1232 2034 1277 11,p.
2067 1214 2190 1263 500:

447 1301 551 1342 Θέαι
568 1295 609 1341 δ’
627 1296 732 1346 ἦσαν
759 1299 797 1341 ἐν
814 1293 873 1355 τῷ
894 1298 1109 1357 Πομπηΐου
1137 1302 1306 1359 θεάτρῳ.

521 1367 722 1414 Curiam.
745 1367 961 1428 Pompeii
983 1369 1170 1415 theatro
1193 1371 1412 1431 proxima
1435 1372 1526 1416 fuit
1556 1372 1634 1417 illa
1652 1371 1795 1417 Curia
1819 1369 2079 1435 (Arriam,
2104 1371 2190 1416 ubi
2266 1411 2277 1417 ,

447 1443 594 1507 sup.),
639 1445 690 1489 in
723 1459 820 1506 qua
843 1447 1042 1492 Senatus
1074 1447 1241 1493 haberi
1266 1448 1431 1494 solitus
1474 1456 1600 1507 erat,
1636 1448 1811 1510 quibus
1843 1448 2012 1493 diebus
2048 1448 2101 1492 in
2135 1463 2192 1493 eo

448 1524 632 1569 theatro
656 1525 923 1583 spectacula
945 1524 1309 1585 exhibebantur,
1338 1539 1397 1572 ex
1421 1526 1528 1572 eod.
1552 1526 1757 1587 Appian.
1774 1562 1787 1584 ,
1810 1524 1927 1570 ibid.

525 1601 740 1660 Tempu&
765 1601 825 1646 H.
853 1616 893 1646 e.
918 1600 1028 1647 idus
1049 1602 1240 1649 martias
1275 1619 1381 1664 quae
1402 1603 1616 1649 hilariter
1639 1603 1714 1665 agi
1737 1603 1976 1660 solebant,
1993 1610 2196 1662 propter

448 1681 596 1725 Annae
610 1681 830 1724 Perennae
854 1679 1052 1738 festum,
1079 1680 1129 1725 in
1152 1697 1250 1742 quo
1274 1680 1560 1744 largioribus
1582 1681 1768 1742 poculis
1790 1678 2123 1742 indulgebant,
2149 1687 2196 1724 et

447 1772 540 1818 pro
587 1757 865 1818 cyathorum
910 1773 1113 1803 numero
1149 1774 1297 1805 annos
1335 1758 1425 1805 sibi
1460 1760 1782 1820 precabantur
1815 1757 2035 1803 Romani.
2070 1755 2194 1802 Vide

452 1835 598 1880 Ovm.
615 1869 629 1893 ,
654 1836 810 1890 Fast„
838 1822 926 1893 Iis,
953 1833 1063 1882 523.

519 1911 630 1957 Cn.
661 1911 891 1957 LXXXI.
918 1913 1047 1972 Lege
1069 1912 1216 1956 Iulia.
1248 1915 1320 1958 De
1342 1914 1431 1959 hac
1453 1914 1556 1975 lege
1578 1913 1699 1971 lata,
1722 1912 1832 1958 vide
1862 1926 2032 1972 supra,
2056 1925 2134 1955 xx.

524 1983 718 2049 Capuae.
751 1988 832 2034 Sil.
855 1990 986 2047 Ital.,
1013 2005 1056 2047 1,
1087 2000 1178 2050 179
1204 2006 1215 2034 ε

956 2150 968 2161 .
989 2116 1002 2160 ³.
1023 2149 1035 2160 .
1059 2116 1072 2160 ζ
1094 2117 1171 2160 Cui
1188 2119 1353 2160 nomina
1374 2118 1493 2173 liquit

632 2189 671 2227 A
687 2191 788 2229 Jove
807 2188 926 2229 ducta
947 2191 1076 2243 Capys
1090 2217 1102 2238 ,
1125 2202 1268 2242 magno
1289 2196 1477 2243 cognatus
1499 2189 1602 2230 Iulo.

523 2307 773 2352 Proximis.
799 2308 859 2354 H.
887 2323 926 2352 e.
955 2306 1144 2353 Caesaris
1168 2321 1332 2352 necem
1349 2308 1571 2366 proxime
1595 2304 2003 2351 antecedentibus.

526 2385 845 2431 Consecrarat.
871 2385 1102 2430 Absolute
1127 2384 1333 2442 dictum3
1358 2400 1448 2429 usu
1479 2385 1688 2430 humano
1714 2390 1962 2428 exemerat.

523 2462 672 2508 Flere.
697 2461 836 2519 plin„
861 2462 923 2507 H.
952 2462 1038 2517 N.,
1064 2477 1192 2519 vx11,
1212 2462 1274 2516 64
1300 2478 1312 2507 ε
1340 2481 1360 2502 «
1377 2461 1666 2522 Praesagiunt
1690 2457 1805 2523 (scil.
1825 2456 1956 2521 equi)
1971 2471 2200 2519 pugnam,

457 2548 505 2586 et
530 2538 722 2586 amissos
751 2539 918 2601 lugent
941 2538 1188 2598 dominos,
1209 2539 1534 2601 lacrymasque
1557 2538 1798 2583 interdum
1820 2535 2058 2581 desiderio
2084 2534 2199 2578 fun—

383 2659 389 2662 .
459 2614 595 2662 dunt.
610 2635 633 2658 n
712 2618 721 2629 ³

525 2699 664 2744 Auct.
700 2695 847 2753 Plin.,
872 2696 931 2740 H.
957 2696 1044 2750 N„
1071 2711 1227 2753 xvnt,
1254 2692 1337 2751 25,
1362 2695 1515 2739 Caesar
1537 2693 1636 2753 ipse
1666 2690 1857 2737 martias
1882 2691 1990 2736 idus
2015 2690 2104 2735 sibi
2129 2689 2202 2734 fe-

459 2777 581 2823 rales
611 2778 921 2822 annotaverat
945 2773 1221 2833 Scorpionis
1245 2788 1430 2818 occasu.
1816 2773 1818 2775 ’

532 2851 789 2914 Calpurnia
826 2866 961 2896 uxor.
1001 2851 1147 2908 Vell.,
1187 2866 1258 2907 ιι,
1291 2850 1348 2907 57
1385 2865 1396 2894 z
1439 2868 1460 2890 ι(
1490 2849 1550 2894 Et
1584 2862 1709 2892 uxor
1745 2847 2004 2907 Calpurnia
2042 2844 2201 2890 territa

461 2939 699 2978 nocturno
720 2929 852 2987 visu,
879 2936 934 2973 ut
957 2942 1011 2974 ea
1035 2926 1112 2972 die
1137 2927 1268 2972 domi
1291 2925 1589 2979 subsisteret,
1617 2925 1800 2969 orabat.
1830 2943 1849 2962 υ

533 3007 801 3067 Fastigium.
842 3004 942 3051 Etsi
977 3005 1071 3050 hoc
1104 3004 1389 3064 templorum
1421 3001 1618 3062 proprie
1653 3009 1754 3046 erat
1786 2997 2013 3063 (Tun-r„
2052 2998 2202 3049 Hist„

466 3100 554 3143 111,
580 3080 646 3148 7),
671 3091 830 3128 tamen
853 3080 978 3127 inter
1000 3082 1208 3145 honores
1232 3080 1420 3125 divinos
1445 3078 1615 3124 Caesari
1651 3078 1805 3122 fuerat
1841 3076 2084 3121 decretum
2106 3072 2198 3131 sa-

465 3161 656 3223 stigium
684 3159 735 3205 in
758 3159 918 3206 domo.
943 3159 1092 3205 Ftor..
1108 3193 1121 3216 ‚
1147 3173 1222 3214 1v,
1250 3172 1290 3201 2.
1339 3169 1342 3171 ·

538 3237 716 3296 Quinta
724 3234 837 3296 sere
866 3235 999 3281 hora.
1030 3235 1090 3281 H.
1117 3250 1156 3278 e.
1200 3233 1387 3278 circiter
1415 3232 1710 3277 undecimam
1749 3238 1981 3283 nostram,
2008 3243 2066 3272 ex
2093 3235 2199 3270 uota

470 3314 565 3364 diei
587 3300 817 3362 divisione
841 3313 891 3360 in
915 3312 1169 3358 duodecim
1191 3305 1369 3369 horas,
1385 3309 1636 3371 noctisque
1661 3308 1710 3353 iu
1739 3306 1952 3352 totidem.

2358 1304 2372 1670 -fi-dumm
2360 1263 2366 1281 ·‘
2359 1229 2372 1249 .'
