2372 3918
327 269 342 298 ι
356 253 414 298 26
991 254 1039 297 C.
1079 252 1364 299 SUETONII

325 377 514 434 quem,
551 354 841 434 cujuslibet
881 355 1112 426 ordiniS,
1153 355 1431 412 custodem
1475 354 1628 410 factis
1667 366 1830 431 atque
1866 355 2024 414 dictis

329 459 458 541 suis,

403 559 559 613 XIII.
592 556 733 632 Equi
766 574 983 631 quoque
1014 565 1068 609 et
1098 574 1375 611 armorum
1405 553 1587 610 solitas
1616 538 2020 612 exercitationes

326 658 504 713 omisit
544 677 556 712 ε
606 654 921 732 redegitque
957 674 1039 722 se,
1078 652 1325 731 deposito
1355 655 1531 732 patrio
1561 654 1782 726 habitu,
1813 654 1881 710 ad
1913 654 2018 732 pal-

325 755 460 813 lium
495 768 549 813 et
582 754 825 833 crepidas
859 775 871 810 ε
906 766 1068 831 atque
1100 755 1157 809 in
1191 753 1287 810 tali
1322 764 1462 811 statu
1504 756 1723 812 biennio
1758 755 1867 811 fere
1902 776 2016 832 per-

326 858 556 928 mansit,
589 855 914 912 contemtior
944 855 1002 910 in
1035 853 1174 927 dies,
1211 866 1268 910 et
1302 854 1524 911 invisior
1555 877 1567 911 :
1606 855 1769 928 ade0,
1802 867 1862 911 ut
1895 857 2027 911 ima-

328 957 479 1034 gines
509 956 625 1032 ejus
651 967 704 1011 et
729 967 931 1011 statuas
953 955 1347 1012 Nemausenses
1373 955 1763 1024 subverterint3
1788 977 1851 1011 ac
1881 956 2029 1011 fami-

327 1055 449 1112 liari
470 1054 707 1132 quodam
728 1054 980 1111 convivio
1010 1054 1283 1111 mentione
1304 1054 1421 1132 ejus
1448 1066 1595 1126 orta,
1621 1056 1907 1128 exstiterit,
1935 1058 2027 1132 qui

328 1157 462 1212 Caio
493 1153 868 1232 polliceretur,
905 1154 1259 1212 «Confestim
1281 1174 1369 1227 se,
1412 1154 1456 1210 s'i
1488 1155 1736 1230 juberet,
1774 1156 2028 1212 Rhodum

327 1256 742 1332 navigaturum,
776 1267 1047 1332 caputque
1077 1252 1277 1310 exsulis
1311 1252 1417 1329 (sic
1452 1255 1596 1309 enim
1627 1254 2030 1332 appellabatur)

328 1344 645 1410 relaturum.
667 1379 694 1407 >³
730 1355 858 1426 Quo
891 1355 1196 1432 praecipue,
1230 1375 1342 1410 non
1368 1355 1482 1430 jam
1515 1367 1690 1426 mem,
1720 1354 1814 1410 sed
1842 1355 2031 1410 discri-

329 1455 503 1526 mine,
531 1464 749 1510 coactus
779 1466 890 1525 est,
924 1465 1032 1509 tam
1064 1454 1199 1526 suiS,
1229 1474 1393 1530 quam
1419 1454 1606 1509 matris
1629 1454 2035 1531 impensissimis

329 1555 583 1631 precibus
622 1552 859 1610 reditum
902 1551 1245 1631 expostulare
1280 1574 1293 1608 ε
1329 1554 1776 1631 impetravitque,
1817 1552 2035 1629 adjutus

332 1653 671 1730 aliquantum
702 1654 864 1709 etiam
895 1673 1039 1711 casu.
1067 1653 1418 1709 Destinatum
1445 1656 1691 1730 Augusto
1721 1665 1867 1723 erat,
1898 1653 2033 1708 nihil

333 1774 496 1829 super
534 1742 597 1808 ea
633 1773 715 1826 re,
749 1753 853 1808 nisi
883 1773 947 1808 ex
975 1750 1258 1808 voluntate
1287 1753 1507 1829 majoris
1539 1751 1668 1825 filii,
1701 1764 1949 1809 statuere.
1982 1757 2036 1808 Is
2107 1806 2113 1812 ,

332 1852 474 1908 forte
506 1864 637 1908 tunc
669 1855 747 1909 M.
788 1850 968 1908 Lollio
1008 1851 1291 1924 offensior,
1331 1851 1501 1908 facilis
1544 1851 1939 1928 exorabilisque
1981 1854 2038 1908 in

334 1953 590 2009 vitricum
623 1952 744 2009 fuit.
777 1953 1130 2008 permittente
1160 1973 1291 2030 ergo
1317 1953 1477 2023 Caio,
1510 1964 1792 2010 revocatus
1821 1964 1925 2023 est;
1956 1973 2041 2007 ve-

333 2074 459 2109 rum
493 2054 592 2110 sub
625 2053 967 2125 conditione,
1000 2073 1069 2111 ne
1111 2072 1275 2130 quam
1322 2065 1533 2130 partem
1574 2055 1828 2110 curamve
1860 2054 2041 2129 reipu-

337 2152 490 2210 blicae
517 2155 821 2232 attingeret.

412 2256 559 2310 XIV.
603 2253 784 2310 Rediit
817 2266 1020 2310 octavo
1058 2265 1182 2330 post
1215 2273 1482 2310 secessum
1511 2274 1685 2326 anno,
1719 2275 1917 2331 magna
1944 2275 2042 2310 nec
2072 2250 2074 2253 ’

337 2354 543 2410 incerta
575 2374 669 2432 spe
696 2354 1010 2410 futurorum
1027 2396 1045 2422 ,
1076 2375 1240 2431 quam
1271 2366 1325 2410 et
1350 2355 1574 2410 ostentis
1603 2366 1656 2409 et
1686 2354 2043 2431 praedictioni-

336 2454 438 2510 bus
478 2454 546 2511 ab
589 2454 745 2510 initio
780 2456 953 2511 aetatis
986 2467 1329 2532 conceperat.
1361 2456 1649 2530 Praegnans
1684 2455 1828 2509 enim
1858 2455 2042 2526 Livia,

337 2574 530 2630 quum,
553 2574 624 2610 an
647 2574 852 2610 marem
871 2554 1086 2609 editura
1105 2565 1244 2609 esset
1258 2595 1274 2624 ,
1296 2553 1459 2608 variis
1479 2564 1721 2629 captaret
1743 2553 2042 2623 ominibus,

339 2673 505 2713 ovum
533 2642 816 2711 incubanti
848 2652 1059 2731 gallinae
1083 2653 1412 2710 subductum
1439 2674 1586 2709 nunc
1616 2674 1742 2725 sua,
1777 2674 1924 2709 nunc
1951 2656 2046 2709 mi-

339 2752 635 2808 nistrarum
671 2772 837 2808 manu
871 2774 967 2830 per
1000 2754 1142 2809 vices
1170 2757 1342 2829 usque
1370 2773 1434 2808 eo
1463 2752 1623 2824 fovit,
1655 2752 1836 2829 quoad
1865 2751 2046 2829 pullus

340 2852 625 2929 insigniter
659 2853 912 2908 cristatus
949 2851 1199 2908 exclusus
1236 2859 1334 2908 est.
1372 2846 1461 2908 Ac'
1485 2851 1551 2907 de
1589 2852 1796 2907 infante
1826 2853 2044 2908 Scribo-

341 2952 465 3007 nius
494 2952 907 3008 mathematicus
944 2951 1199 3029 praeclara
1234 2950 1530 3027 spopondit
1563 2972 1575 3006 :
1613 2976 1640 3004 «
1662 2953 1826 3007 etiam
1851 2969 2045 3027 regna·

341 3051 917 3128 turum'quandoque‚
953 3051 1046 3108 sed
1081 3052 1196 3108 sine
1237 3051 1387 3127 regio
1422 3051 1699 3127 insignip)
1734 3052 1917 3126 ignota
1947 3052 2048 3105 sci-

343 3149 469 3207 licet
487 3163 620 3207 tunc
644 3150 821 3208 adhuc
842 3153 1118 3208 Caesarum
1144 3159 1424 3225 potestate.
1453 3153 1526 3205 Et
1553 3151 1791 3225 ingresso
1816 3149 2048 3224 primam

344 3250 772 3326 expeditionem,
816 3271 878 3306 ac
915 3270 1012 3326 per
1054 3248 1431 3305 Macedoniam
1476 3247 1704 3303 ducente
1750 3249 2048 3304 exercitum
