2372 3918
369 290 389 318 1
404 289 419 318 1
432 288 457 319 2
1029 272 1078 317 C.
1117 271 1402 318 SUETONII

365 373 553 452 populi
582 373 884 451 frequentia
917 374 1204 446 conderet,
1237 373 1418 451 aquila
1448 393 1571 428 eum
1605 372 1795 448 saepius
1832 371 2062 425 circum-

365 473 596 544 volavit3
629 485 1069 551 transgressaque
1096 474 1152 528 in
1181 474 1413 529 vicinam
1444 470 1611 528 aedem
1628 513 1643 543 ,
1675 490 1837 546 super
1866 489 2062 533 nomen

366 574 655 651 Agrippae,
681 572 747 628 ad
766 573 997 649 primam
1025 570 1292 643 litteram,
1321 570 1459 627 sedit
1484 593 1496 626 z
1522 591 1631 647 quo
1662 568 2063 636 animadvers0,

368 685 521 744 vota,
553 693 673 748 quae
699 674 754 727 in
785 672 1096 749 proximum
1124 668 1358 726 lustrum
1388 671 1586 747 suscipi
1615 690 1730 725 mos
1760 679 1865 740 est,
1899 666 2062 723 colle-

366 792 490 848 gam
524 791 683 826 suum
714 770 991 825 Tiberium
1023 789 1341 846 nuncupare
1366 769 1526 844 jussit
1557 790 1570 824 :
1604 788 1728 824 nam
1761 788 1844 838 se,
1877 787 2067 842 quam-

368 890 531 944 quam
553 868 872 945 conscriptis
896 868 1206 945 paratisque
1227 863 1339 944 jam
1363 866 1587 936 tabulis,
1612 868 1828 945 negavit
1851 884 2067 941 suscep-

365 981 551 1023 turum
590 988 708 1043 quae
744 987 857 1023 non
886 978 1024 1022 esset
1055 966 1348 1024 soluturus.
1387 966 1501 1023 Sub
1534 965 1675 1022 idem
1709 978 1924 1043 tempus
1956 965 2068 1019 ictu

364 1066 608 1123 fulminis
632 1087 697 1122 ex
721 1066 1073 1143 inscriptione
1093 1077 1283 1122 statuae
1298 1066 1414 1142 ejus
1431 1066 1605 1142 prima
1627 1066 1863 1120 nominis
1885 1064 2066 1119 littera

367 1165 591 1221 effluxit.
621 1160 973 1242 Responsum
998 1177 1104 1237 est,
1136 1175 1352 1220 centum
1384 1163 1525 1220 solos
1556 1163 1667 1219 dies
1700 1164 1927 1240 posthac
1955 1163 2069 1218 vic·

365 1276 582 1336 turum,
618 1285 780 1339 quem
812 1284 1099 1320 numerum
1131 1283 1164 1321 c
1192 1262 1372 1319 littera
1400 1274 1643 1333 notaret;
1684 1263 2068 1338 futurumque,

366 1374 429 1418 ut
467 1363 610 1417 inter
650 1366 796 1418 Deos
834 1363 1160 1433 referretur,
1199 1362 1348 1439 quod
1383 1382 1571 1433 AEsAR,
1613 1361 1670 1416 id
1711 1373 1824 1430 est,
1864 1360 2069 1436 reliqua

368 1483 495 1538 pars
526 1483 555 1517 e
587 1461 810 1518 Caesaris
838 1463 1084 1531 nomine,
1113 1464 1343 1517 Etrusca
1373 1459 1560 1536 lingua
1586 1462 1739 1516 Deus
1767 1470 2068 1514 vocaretur.

367 1561 645 1616 Tiberium
669 1561 838 1638 igitur
860 1562 927 1619 in*
946 1559 1225 1637 Illyricum
1253 1558 1599 1631 dimissurus,
1623 1570 1678 1614 et
1701 1562 2070 1614 Beneventum

369 1680 542 1736 usque
585 1664 1006 1737 prosecuturUS,
1052 1679 1221 1734 quum
1269 1656 1698 1734 interpellatores
1743 1656 1859 1712 aliis
1906 1645 2070 1732 atque

367 1759 484 1815 aliis
511 1760 684 1814 causis
709 1760 765 1813 in
787 1760 911 1835 jure
937 1757 1170 1814 dicendo
1194 1757 1521 1829 detinerent,
1545 1756 1866 1813 exclamavit
1888 1755 2071 1834 (quod

368 1871 423 1914 et
453 1861 632 1935 ipsum
662 1879 790 1914 mox
821 1859 961 1914 inter
989 1858 1172 1914 omina
1201 1856 1431 1914 relatum
1461 1856 1614 1935 est),
1649 1859 1846 1929 «Non,
1879 1858 1922 1913 si
1954 1877 2071 1911 om-

370 1958 460 2014 nia
498 1969 872 2029 morarentur,
911 1957 1145 2034 amplius
1181 1978 1238 2013 se
1275 1958 1501 2035 posthac
1536 1962 1724 2014 Romae
1759 1957 2024 2012 futurum.
2046 1981 2072 2008 »

366 2059 546 2134 Atque
567 2058 759 2113 itinere
788 2056 1073 2128 inchoat0,
1103 2058 1360 2113 Asturam
1390 2057 1654 2133 perrexit3
1675 2067 1729 2111 et
1759 2055 1910 2127 inde,
1934 2075 2073 2132 prae-

368 2168 451 2213 ter
480 2156 954 2226 consuetudinem,
990 2156 1057 2212 de
1084 2167 1244 2211 nocte
1272 2155 1341 2211 ad
1372 2157 1710 2228 occasionem
1744 2175 1888 2210 aurae
1922 2174 2073 2209 evec-

367 2267 482 2327 tus,
508 2276 722 2311 causam
751 2255 1075 2311 valetudinis
1104 2255 1375 2310 contraxit
1401 2275 1466 2310 ex
1493 2254 1764 2331 profluvio
1788 2253 1912 2309 alvi.

443 2357 698 2412 XCVIII.
746 2357 901 2410 Tunc
955 2355 1266 2431 Campaniae
1317 2374 1413 2410 ora
1468 2354 1836 2430 proximisque
1883 2352 2073 2408 insulis

366 2455 632 2526 circuitis,
679 2457 1014 2531 Caprearum
1050 2473 1268 2529 quoque
1305 2453 1536 2508 secessui
1581 2451 1934 2527 quatriduum
1974 2453 2073 2506 im-

367 2553 587 2630 pendit,
618 2553 992 2607 remississimo
1023 2551 1093 2606 ad
1123 2552 1296 2606 otium
1331 2562 1385 2605 et
1417 2550 1487 2605 ad
1518 2571 1734 2606 omnem
1764 2552 2068 2607 comitatem

366 2652 564 2706 animo,
597 2654 760 2706 Forte
789 2648 1150 2704 Puteolanum
1181 2650 1361 2705 sinum
1391 2649 1806 2726 praetervehenti
1833 2662 2071 2707 vectores

370 2760 653 2824 nautaeque
676 2748 742 2804 de
768 2749 893 2802 navi
917 2747 1307 2821 Alexandrina,
1337 2769 1457 2824 quae
1484 2757 1700 2805 tantum
1725 2748 1871 2824 quod
1898 2770 2069 2827 appu-

371 2845 530 2919 lerat,
569 2845 841 2901 candidati
882 2848 1270 2923 coronatique,
1305 2860 1361 2902 et
1404 2848 1564 2903 thura
1607 2847 1862 2920 libanteS‚
1898 2849 2069 2905 fausta

366 2946 549 3001 omina
583 2957 637 3000 et
672 2946 893 3000 eximias
932 2944 1117 3001 laudes
1156 2959 1540 3022 congesserant
1577 2969 1588 3001 :
1633 2951 1780 3003 «Per
1819 2947 1973 3003 illum
2014 2969 2068 3003 se

331 3046 333 3048 ’
365 3046 569 3117 vivere,
601 3065 698 3120 per
731 3043 886 3100 illum
919 3047 1201 3122 navigare,
1238 3035 1679 3122 libertate-atque
1709 3048 1938 3102 fortunis
1970 3035 2070 3123 per

367 3143 520 3199 illum
554 3143 678 3198 frui.
698 3167 725 3195 »
757 3143 884 3214 Qua
917 3164 976 3200 re
1006 3143 1301 3199 admodum
1334 3144 1660 3201 exhilaratus
1692 3145 2066 3222 quadragenos

367 3262 557 3298 aureos
586 3242 873 3297 comitibus
897 3242 1076 3297 divisit
1107 3263 1118 3296 :
1140 3243 1335 3317 jusque
1359 3243 1653 3318 jurandum
1680 3255 1734 3297 et
1760 3244 2065 3298 cautionem
