2372 3918
977 258 1283 304 TIBERIUS.
1897 278 1915 309 ι
1930 278 1947 309 ι
1956 280 1988 326 9

269 361 393 417 rint.
425 363 605 420 Etiam
630 360 783 441 virgo
809 360 1042 419 Vestalis
1068 362 1318 436 fratrem,
1341 363 1552 442 injussu
1578 366 1767 445 populi
1794 369 1990 425 trium·

268 462 554 539 phantem,
598 483 819 520 ascenso
867 461 1029 520 simul
1077 485 1277 538 curru,
1330 486 1501 543 usque
1551 468 1607 522 in
1655 467 1989 545 Capitolium

267 575 552 639 prosecuta
598 574 704 635 est,
749 583 818 619 ne
855 575 1068 633 vetare,
1111 577 1208 622 aut
1247 565 1582 623 intercedere
1611 566 1691 624 fas
1731 569 1990 645 cuiquam

266 662 615 719 tribunorum
641 675 795 720 esset.

341 766 439 820 III.
472 768 551 822 Ex
579 764 682 821 hac
711 766 879 844 stirpe
902 766 1152 825 Tiberius
1174 770 1357 827 Caesar
1376 789 1549 847 genus
1573 768 1772 839 trahit,
1795 781 1847 825 et
1878 790 1996 846 qui-

265 864 389 921 dem
432 877 726 943 utrumque
764 888 775 922 ε
821 879 1146 946 Ραῑεηιωπ,
1187 890 1218 926 a
1252 869 1472 927 Tiberio
1509 870 1762 941 Nerone3
1795 881 1996 926 mater-

265 987 430 1039 num,
462 966 530 1023 ab
563 968 746 1046 Appio
774 967 1038 1042 Pulchro;
1069 971 1165 1047 qui
1195 970 1358 1027 ambo
1390 971 1556 1049 Appii
1580 971 1723 1027 Caeci
1751 968 1848 1025 filii
1880 969 1997 1026 fue-

263 1079 410 1124 runt.
444 1070 690 1126 Insertus
723 1082 805 1126 est
831 1082 887 1127 et
917 1071 1202 1128 Liviorum
1232 1069 1477 1143 familiae,
1502 1070 1765 1149 adoptato
1791 1070 1847 1127 in
1873 1091 1995 1127 eam

263 1180 510 1225 materno
533 1190 653 1227 avo.
681 1171 822 1244 Quae
843 1170 1076 1246 familia,
1101 1192 1438 1250 quamquam
1458 1170 1695 1251 plebeia,
1726 1183 1909 1228 tamen
1941 1183 1997 1228 et

264 1269 380 1346 ipsa
411 1269 709 1328 admodum
737 1270 956 1347 floruit,
987 1286 1111 1331 octo
1136 1272 1511 1331 consulatibus
1529 1315 1545 1347 ,
1581 1272 1827 1330 censuris
1859 1270 1997 1328 dua-

263 1369 395 1441 buS,
440 1372 731 1450 triumphis
782 1374 984 1447 tribus,
1034 1374 1305 1432 dictatura
1353 1376 1517 1432 etiam
1566 1395 1630 1432 ac
1678 1374 1996 1451 magisterio

265 1472 509 1547 equitum
541 1472 834 1544 honorata3
872 1473 1017 1531 clara
1048 1488 1102 1532 et
1134 1476 1441 1554 insignibus
1471 1476 1627 1548 viriS,
1664 1495 1729 1531 ac
1759 1475 1997 1531 maxime

265 1570 596 1646 Salinatore,
626 1575 949 1652 Drusisque.
981 1574 1256 1634 Salinator
1280 1577 1561 1633 universas
1585 1575 1763 1633 tribus
1796 1576 1851 1631 in
1875 1595 1998 1631 cen·

264 1691 392 1727 sura
420 1673 631 1728 notavit
659 1671 893 1731 levitatis
917 1676 1166 1748 nomine,
1195 1675 1373 1752 quod,
1397 1695 1570 1752 quum
1601 1696 1657 1731 se
1686 1687 1812 1753 post
1845 1676 1996 1751 prio-

264 1793 378 1827 1em
418 1773 764 1830 consulatum
795 1774 969 1831 multa
1003 1777 1246 1854 irrogata
1283 1775 1763 1848 condemnassent,
1797 1794 1998 1832 consu-

261 1872 367 1929 lem
389 1874 587 1931 iterum
611 1896 998 1954 censoremque
1019 1877 1288 1934 fecissent.
1316 1880 1535 1936 Drusus
1550 1921 1566 1951 ,
1588 1876 1834 1934 hostium
1857 1875 1997 1932 duce

259 1977 477 2033 Drauso
518 1978 764 2034 cominus
800 1977 1102 2052 trucidato,
1136 1979 1238 2035 sibi
1268 1979 1610 2058 posterisque
1642 1979 1755 2035 suis
1787 1998 1994 2056 cogno-

260 2096 385 2131 men
431 2077 657 2135 invenit.
702 2079 962 2136 Traditur
1012 2081 1178 2137 etiam
1221 2093 1558 2160 propraetore
1607 2101 1671 2137 ex
1710 2078 1998 2158 provincia

262 2176 441 2234 Gallia
494 2178 743 2235 retulisse
793 2200 1021 2252 aurum,
1074 2182 1383 2238 Senonibus
1430 2180 1562 2239 olim
1607 2183 1663 2237 in
1710 2179 1997 2236 obsidione

266 2278 522 2356 Capitolii
556 2280 777 2354 datum,
806 2301 935 2351 nec,
968 2293 1031 2337 ut
1060 2281 1202 2338 fama
1234 2294 1342 2355 est,
1373 2294 1650 2339 extortum
1680 2302 1713 2338 a
1741 2278 1991 2338 Camillo.

260 2380 391 2457 Ejus
427 2381 699 2459 abnepoe,
741 2382 812 2438 ob
854 2382 1108 2438 eximiam
1148 2381 1406 2439 adversus
1447 2382 1729 2439 Gracchos
1765 2401 1994 2458 operam

224 2543 238 2557 „
261 2494 530 2558 patronus
560 2496 780 2541 senatus
810 2483 987 2540 dictus
1005 2527 1020 2557 ,
1052 2482 1225 2540 filium
1253 2482 1503 2560 reliquit,
1539 2503 1700 2560 quem
1736 2482 1793 2538 in
1832 2479 1995 2537 simili

263 2583 598 2641 dissensione
643 2583 813 2641 multa
869 2585 1016 2642 varie
1070 2584 1387 2642 molientem
1431 2584 1645 2641 diversa
1685 2583 1850 2640 factio
1895 2602 1996 2661 per

262 2684 511 2741 fraudem
543 2685 833 2742 interemit.

343 2787 439 2842 lV.
482 2787 646 2842 Pater
686 2785 921 2859 Tiberii,
958 2798 1197 2863 quaestor
1226 2788 1290 2844 C.
1329 2786 1584 2859 Caesaris,
1621 2784 1993 2843 Alexandrino

263 2884 407 2942 bello
431 2885 589 2942 classi
615 2887 965 2964 praeposituS,
996 2885 1300 2964 plurimum
1327 2886 1397 2943 ad
1426 2887 1711 2948 victoriam
1735 2884 1992 2942 contulit..

263 2988 452 3060 Quare
489 2998 544 3043 et
585 2986 828 3063 pontifex
878 2987 935 3043 in
982 2985 1165 3043 locum
1210 2989 1270 3044 P.
1316 2987 1583 3064 Scipionis
1622 2986 1989 3058 substitutuS,

264 3099 320 3145 et
347 3087 417 3144 ad
447 3085 790 3144 deducendas
821 3088 877 3145 in
907 3086 1143 3147 Galliam
1175 3086 1445 3160 colonias,
1475 3090 1530 3144 in
1560 3087 1683 3164 quis
1716 3087 1906 3145 Narbo
1934 3099 1990 3142 et

267 3189 486 3248 Arelate
516 3202 701 3262 erant,
731 3190 925 3247 missus
948 3203 1046 3248 est.
1074 3193 1280 3248 Tamen
1310 3193 1520 3248 Caesare
1541 3190 1746 3260 occiSO,
1773 3188 1988 3245 cunctis

269 3290 554 3348 turbarum
595 3304 743 3347 metu
785 3289 1135 3348 abolitionem
1174 3291 1298 3348 facti
1336 3290 1785 3352 decernentibus,
1822 3288 1983 3345 etiam
