2372 3918
879 308 1212 355 caucum.
1812 305 1902 369 193

197 412 309 490 pho
328 456 344 484 ,
382 433 552 471 ovans
592 396 800 471 Urbem
844 409 1012 468 natali
1054 430 1154 467 suo
1195 411 1470 488 ingressus
1500 422 1597 467 est.
1639 413 1902 492 Intraque

195 524 453 589 quartum
479 532 718 570 mensem
745 510 938 588 periit,
966 510 1214 589 ingentia
1233 508 1477 567 facinora
1505 529 1697 583 ausus,
1721 524 1776 569 et
1799 511 1901 571 ali·

195 623 403 687 quanto
431 612 638 689 majora
667 608 911 667 moliens».
938 608 1220 686 Siquidem
1249 620 1611 687 proposuerat
1635 611 1865 670 Antium
1885 655 1902 686 ,

202 708 399 767 deinde
455 707 845 768 Alexandriam
875 751 892 782 ,
949 708 1312 787 commigrare
1334 750 1351 781 ,
1404 708 1696 766 interemto
1751 711 1905 787 prius

197 810 492 888 utriusque
537 808 746 882 ordinis
808 807 1136 866 electissimo
1185 828 1421 888 quoque.
1471 806 1640 881 Quod
1694 829 1764 865 ne
1813 811 1905 868 cui

196 907 426 965 dubium
474 906 726 966 videatur
748 952 764 980 ,
816 909 872 965 in
921 908 1140 965 secretis
1194 908 1312 985 ejus
1357 908 1560 985 reperti
1608 920 1739 965 sunt
1790 908 1904 966 duo

196 1005 401 1081 libelli,
433 1006 645 1065 diverso
680 1006 843 1065 titulo
873 1029 886 1066 ι
920 1006 1078 1064 alteri
1109 1027 1387 1079 omnim,
1417 1005 1574 1063 alteri
1607 1027 1785 1067 PUGIO
1816 1009 1904 1066 in-

196 1106 303 1164 dex
349 1119 483 1164 erat.
533 1108 714 1165 Ambo
761 1109 987 1165 nomina
1029 1120 1084 1165 et
1133 1119 1290 1165 notas
1337 1106 1693 1164 continebant
1739 1110 1905 1166 morti

197 1191 618 1264 destinatorum.
653 1209 879 1265 Inventa
915 1220 971 1264 et
1004 1228 1129 1264 arca
1163 1208 1388 1285 ingens,
1427 1207 1708 1263 variorum
1740 1229 1907 1265 vene·

195 1326 392 1363 norum
426 1305 587 1384 plena
614 1328 628 1364 :
657 1308 856 1386 quibus
889 1328 1018 1365 mox
1051 1328 1085 1364 a
1116 1306 1347 1365 Claudio
1384 1305 1673 1379 demersis,
1708 1307 1908 1366 infecta

197 1406 370 1463 maria
403 1406 717 1480 traduntur,
749 1428 860 1464 non
887 1407 1005 1464 sine
1032 1408 1265 1485 piscium
1298 1407 1491 1478 exiti0‚
1521 1427 1661 1484 quos
1688 1420 1908 1465 enectos

198 1516 359 1562 aestus
391 1506 448 1562 in
476 1507 727 1584 proxima
753 1506 915 1564 litora
943 1502 1117 1585 ejecit.

276 1606 338 1661 L.
376 1606 598 1663 Statura
635 1605 739 1662 fuit
772 1607 1070 1679 eminenti,
1109 1605 1292 1664 colore
1326 1604 1636 1684 expallido,
1677 1626 1909 1684 corpore

194 1705 439 1777 enormi,
473 1704 781 1782 gracilitate
815 1707 1050 1762 maxima
1085 1706 1314 1763 cervicis
1348 1718 1402 1763 et
1435 1727 1659 1763 crurum
1680 1749 1696 1778 ,
1733 1705 1909 1764 oculis

194 1815 250 1859 et
275 1804 613 1881 temporibus
636 1806 918 1876 concaviS,
939 1805 1120 1862 fronte
1140 1804 1248 1862 lata
1271 1818 1327 1862 et
1352 1816 1533 1877 torva,
1557 1803 1757 1883 capillo
1781 1826 1909 1862 raro

196 1923 260 1959 ac
293 1903 438 1959 circa
466 1904 726 1960 verticem
760 1903 946 1979 nulle,
975 1891 1219 1961 hirsutus
1248 1916 1444 1961 cetera.
1479 1906 1699 1979 Quare,
1730 1916 1909 1961 trans-

193 2014 358 2059 eunte
398 2024 497 2077 eo,
532 2005 844 2082 prospicere
886 2025 953 2061 ex
1000 2006 1280 2082 superiore
1319 2016 1508 2081 parte,
1549 2015 1646 2060 aut
1679 2004 1907 2060 omnino

194 2122 521 2179 quacunque
555 2102 622 2158 de
650 2124 813 2161 causa
837 2122 1071 2184 capram
1108 2104 1392 2160 nominare
1411 2147 1428 2177 ,
1464 2104 1822 2160 criminosum
1850 2116 1908 2160 et

193 2200 409 2258 exitiale
454 2202 778 2260 habebatur.
820 2202 1053 2261 Vultum
1094 2224 1224 2260 vero
1270 2215 1468 2260 natura
1508 2202 1799 2260 horridum
1841 2224 1906 2260 ac

195 2311 402 2357 tetrum
451 2302 617 2358 etiam
667 2323 734 2358 ex
781 2302 1049 2359 industria
1100 2303 1401 2376 efferabat,
1454 2323 1788 2381 componens
1839 2303 1910 2360 ad

198 2398 483 2477 speculum
514 2401 571 2456 in
602 2422 822 2459 omnem
847 2414 1118 2459 terrorem
1147 2423 1210 2460 ac
1239 2401 1606 2460 formidinem.
1634 2401 1910 2461 Valetudo

197 2500 247 2556 ei
278 2520 455 2577 neque
486 2503 731 2579 corporis
767 2523 944 2580 neque
973 2504 1141 2559 animi
1174 2503 1440 2560 constitit.
1472 2505 1618 2559 Puer
1646 2500 1909 2558 comitiali

195 2600 389 2656 morbo
410 2613 660 2675 vexatuS,
683 2603 740 2659 in
764 2602 1130 2660 adolescentia
1151 2604 1226 2659 ita
1251 2603 1460 2680 patiens
1488 2601 1739 2658 laborum
1764 2614 1909 2674 erat,

199 2712 260 2757 ut
287 2711 470 2757 tamen
498 2722 895 2779 nonnunquam
923 2704 1102 2760 subita
1132 2703 1436 2773 defectione
1466 2701 1706 2779 ingredi,
1734 2713 1910 2772 stare,

197 2797 452 2877 colligere
487 2813 690 2871 semet,
728 2822 791 2858 ac
830 2802 1056 2859 sufferre
1092 2804 1182 2859 vix
1221 2814 1418 2880 posset.
1456 2803 1662 2858 Mentis
1698 2800 1909 2859 valetu-

198 2899 383 2956 dinem
421 2912 476 2956 et
516 2901 629 2977 ipse
665 2913 937 2974 senserat,
977 2922 1040 2958 ac
1081 2901 1311 2958 subinde
1344 2901 1411 2958 de
1445 2922 1690 2975 secessu,
1732 2901 1910 2977 deque

200 2999 489 3078 purgando
513 3001 733 3056 cerebro
757 3002 1032 3079 cogitavit.
1057 3001 1314 3058 Creditur
1338 3001 1654 3078 potionatus
1677 3021 1708 3056 a
1730 3003 1910 3057 Caeso-

199 3099 289 3156 nia
324 3120 527 3172 uxore,
571 3102 835 3157 amatorio
875 3101 1096 3178 quidem
1144 3100 1545 3157 medicamento
1569 3142 1585 3166 ,
1624 3099 1720 3156 sed
1760 3098 1912 3175 quod

200 3200 256 3255 in
306 3199 545 3256 furorem
600 3202 842 3257 verterit.
893 3202 1233 3258 Incitabatur
1287 3201 1561 3256 insomnia
1611 3200 1848 3255 maxime
1894 3219 1908 3252 t

205 3320 378 3376 neque
412 3303 558 3357 enim
594 3300 715 3379 plus
746 3322 908 3379 quam
943 3303 1118 3359 tribus
1159 3303 1442 3359 nocturnis
1482 3301 1633 3357 horis
1670 3301 1911 3378 quiesce·

442 3422 480 3457 1.
1608 3398 1671 3458 13
