2372 3918
883 235 1209 283 CLAUDIUS.
1819 255 1843 285 α
1852 252 1877 285 2
1889 256 1905 284 1

199 366 430 403 uxorum
484 344 919 417 libertorumque
967 339 1230 409 arbitrie,
1286 337 1729 415 administravit3
1792 343 1913 401 talis

199 449 403 524 ubique
428 446 778 525 plerumque,
802 438 1023 520 qualem
1040 461 1155 497 esse
1172 461 1325 511 eum,
1351 453 1449 497 aut
1471 443 1754 520 expediret
1775 443 1913 515 illis,

196 561 290 605 aut
321 547 528 604 liberet.
1047 534 1050 538 ’

275 650 482 706 XXVI.
528 647 768 725 Sponsas
813 640 1111 700 admodum
1150 640 1464 700 adolescens
1511 641 1648 699 duas
1685 644 1915 701 habuit:

198 747 471 806 AEmiliam
503 743 803 824 Lepidam,
841 743 1077 821 Augusti
1117 755 1477 820 proneptem3
1522 744 1652 800 item
1699 746 1912 801 Liviam

185 847 554 906 ,Medullinam
575 887 592 918 ,
629 842 718 904 cui
755 855 810 900 et
841 864 1150 921 cognomen
1185 842 1428 901 Camillae
1459 857 1609 916 erat,
1654 866 1685 901 e
1719 866 1917 923 genere

197 951 426 1027 antiquo
456 946 736 1004 dictatoris
756 942 995 1003 Camilli.
1031 945 1303 1018 Priorem,
1336 945 1487 1022 quod
1520 959 1777 1023 parentes
1800 948 1918 1023 ejus

197 1053 507 1127 Augustum
565 1045 911 1103 offenderant
933 1088 949 1115 ,
1009 1046 1278 1123 virginem
1330 1045 1511 1102 adhuc
1560 1047 1873 1124 repudiavit
1904 1069 1917 1103 :

198 1149 554 1228 posteriorem
583 1148 704 1225 ipso
727 1145 844 1217 die,
870 1146 966 1222 qui
991 1158 1109 1202 erat
1138 1147 1345 1224 nuptiis
1375 1146 1705 1218 destinatuS,
1735 1169 1802 1204 ex
1828 1169 1921 1205 va-

197 1249 440 1307 letudine
471 1249 666 1306 amisit.
718 1250 925 1305 Uxores
956 1245 1153 1302 deinde
1190 1246 1347 1303 duxit
1373 1246 1645 1305 Plautiam
1677 1247 1919 1326 Urgula-

199 1350 414 1423 nillam‚
458 1347 808 1427 triumphali,
851 1361 906 1405 et
933 1369 1061 1404 mox
1094 1347 1290 1404 AEliam
1322 1349 1572 1405 Petinam
1592 1393 1607 1417 ‚
1645 1348 1920 1406 consulari

199 1463 371 1529 patre.
390 1452 530 1507 Cum
555 1461 787 1526 utraque
814 1449 1112 1505 divortium
1144 1447 1301 1505 fecit:
1336 1448 1426 1505 sed
1460 1470 1586 1504 cum
1612 1450 1832 1518 Petina,
1855 1471 1920 1505 ex

195 1550 407 1607 levibus
434 1549 687 1620 offensis3
715 1571 842 1607 cum
871 1547 1220 1628 Urgulanilla
1241 1592 1255 1620 ,
1285 1549 1356 1604 ob
1388 1547 1679 1606 libidinum
1716 1550 1923 1625 probra

199 1665 253 1708 et
292 1650 575 1708 homicidii
616 1651 999 1727 suspicionem.
1047 1652 1179 1706 Post
1223 1650 1322 1706 has
1353 1648 1632 1707 Valeriam
1672 1649 1923 1706 Messali-

205 1772 356 1823 nam,
386 1751 610 1808 Barbati
633 1748 910 1820 Messalae,
936 1749 1252 1806 consobrini
1290 1750 1399 1818 sui,
1429 1749 1626 1819 filiam,
1651 1751 1707 1806 in
1735 1752 1925 1806 matri·

199 1851 450 1908 monium
472 1851 697 1929 accepit.
733 1851 920 1923 Quam
951 1871 1120 1927 quum
1152 1850 1532 1928 comperisset,
1558 1870 1724 1927 super
1745 1863 1925 1906 cetera

198 1951 405 2030 flagitia
442 1941 605 2028 atque
644 1950 941 2022 dedecora,
983 1953 1044 2008 C.
1082 1948 1219 2007 Silio
1254 1951 1418 2008 etiam
1459 1951 1742 2028 nupsisse,
1793 1950 1924 2007 dote

200 2053 343 2108 inter
361 2054 605 2129 auspices
624 2053 975 2130 consignata,
1003 2050 1272 2130 supplicio
1305 2052 1518 2124 affecit3
1547 2052 1923 2109 confirmavit-

199 2172 307 2229 que
352 2172 454 2230 pro
500 2151 765 2210 concione
810 2151 956 2229 apud
1001 2154 1390 2230 praetorianos,
1439 2153 1774 2226 «Quatenus
1821 2154 1926 2211 sibi

199 2252 548 2309 matrimonia
569 2250 709 2309 male
724 2251 1003 2324 cederent,
1028 2274 1445 2330 permansurum
1472 2275 1530 2310 se
1550 2255 1603 2310 in
1628 2253 1886 2312 coelibatu
1910 2277 1924 2311 τ

199 2373 263 2408 ac
297 2352 401 2411 nisi
431 2354 842 2430 permansisset,
871 2374 983 2410 non
1010 2366 1391 2411 recusaturum
1417 2355 1640 2412 confodi
1672 2356 1926 2413 manibus

201 2452 466 2528 ipsorum.
492 2477 520 2505 n
567 2453 684 2509 Nec
727 2452 926 2510 durare
974 2451 1179 2526 valuit,
1223 2455 1356 2531 quin
1404 2453 1471 2511 de
1513 2455 1927 2512 conditionibus

200 2552 463 2608 continuo
493 2563 776 2627 tractaret,
807 2554 971 2611 etiam
1003 2553 1073 2610 de
1102 2555 1331 2627 Petinae,
1365 2576 1530 2632 quarn
1566 2554 1697 2612 olim
1732 2576 1925 2634 exege-

202 2663 314 2721 rat,
345 2650 520 2728 deque
550 2651 739 2708 Lolliae
764 2652 1031 2727 Paulinae,
1064 2675 1185 2731 quae
1213 2657 1275 2712 C.
1298 2657 1499 2714 Caesari
1528 2669 1703 2734 nupta
1726 2655 1925 2713 fuerat.

202 2744 411 2808 Verum
444 2749 712 2808 illecebris
745 2754 1086 2831 Agrippinae,
1114 2756 1429 2812 Germanici
1460 2755 1643 2813 fratris
1666 2758 1748 2813 sui
1777 2756 1928 2827 filiae,

203 2872 299 2929 per
332 2852 421 2928 jus
462 2850 633 2909 osculi
681 2865 736 2909 et
773 2852 1165 2910 blanditiarum
1208 2856 1519 2913 occasiones
1562 2855 1823 2934 pellectus
1871 2858 1928 2914 in

204 2971 473 3021 amorem,
521 2952 873 3024 subornavit,
919 2954 1171 3032 proximo
1217 2967 1435 3027 senatu,
1477 2957 1570 3032 qui
1612 2969 1928 3027 censerent,

203 3050 511 3128 cogendum
547 3072 603 3108 se
648 3051 718 3108 ad
755 3052 1069 3111 ducendum
1107 3076 1228 3111 eam
1263 3076 1518 3129 uxorem,
1554 3058 1708 3133 quasi
1747 3059 1927 3134 reipu-

205 3149 356 3207 blicae
388 3153 620 3208 maxime
650 3153 965 3226 interesset3
1000 3154 1352 3234 dandamque
1376 3158 1567 3213 ceteris
1599 3159 1811 3214 veniam
1851 3170 1927 3213 ta·

207 3248 341 3306 lium
376 3253 794 3330 conjugiorum,
825 3276 943 3332 quae
978 3256 1048 3313 ad
1080 3256 1135 3312 id
1164 3270 1380 3335 tempus
1416 3259 1614 3314 incesta
1648 3258 1925 3315 habeban-
