2372 3918
309 283 400 339 248
969 281 1018 325 C.
1055 280 1341 326 SUETONll

308 386 573 463 Olympiis
605 404 731 439 vero
759 384 922 439 etiam
945 382 1339 460 decemjugem3
1375 381 1616 457 quamvis
1648 381 1702 436 id
1734 382 1911 457 ipsum
1938 383 1993 437 in

310 505 434 562 rege
453 482 770 540 Mithridate
791 484 1025 539 carmine
1043 482 1279 558 quodam
1302 502 1400 537 suo
1428 480 1870 557 reprehendisset.
1893 481 1997 536 Sed

311 603 563 640 excussus
601 603 796 654 curru,
833 602 895 637 ac
936 602 1121 636 rursus
1162 582 1460 657 repositus,
1493 600 1662 655 quum
1702 579 1999 656 perdurare

311 703 424 738 non
445 694 622 760 posset
639 725 655 754 ,
681 681 883 738 destitit
912 692 1034 736 ante
1063 680 1381 751 decursum;
1404 699 1577 755 neque
1606 699 1670 734 eo
1701 678 1873 742 secius
1907 699 1999 734 co-

314 794 538 838 ronatus
569 793 662 837 est.
692 779 971 836 Decedens
999 779 1219 855 deinde,
1251 780 1583 856 provinciam
1615 779 1918 834 universam
1942 776 2005 832 li-

316 881 520 936 bertate
565 879 817 949 donavit;
858 877 1124 953 simulque
1169 876 1374 954 judices
1408 878 1623 933 civitate
1661 897 1918 948 romana,
1952 888 2008 932 et

318 979 546 1054 pecunia
576 976 782 1054 grandi.
813 978 949 1049 Quae
970 975 1231 1032 beneficia
1256 997 1285 1032 e
1315 974 1492 1031 medio
1526 975 1726 1047 stadio,
1760 975 2008 1030 Isthmio-

318 1097 439 1132 rum
466 1076 553 1131 die
572 1119 587 1146 ‚
615 1095 710 1132 sua
732 1077 846 1151 ipse
873 1095 1006 1131 voce
1037 1076 1427 1151 pronunciavit.

400 1176 575 1231 XXV.
611 1177 874 1230 Reversus
907 1195 936 1228 e
972 1174 1183 1230 Graecia
1211 1172 1510 1250 Neapolin‚
1546 1173 1691 1249 quod
1723 1174 1779 1228 in
1808 1194 1868 1228 ea
1903 1175 2013 1250 pri-

326 1294 477 1328 mum
494 1285 663 1328 artem
689 1272 1020 1349 protulerat,
1047 1271 1181 1328 albis
1201 1274 1352 1348 equis
1373 1273 1605 1343 introiit,
1623 1272 1842 1348 disjecta
1861 1284 2013 1348 parte

322 1373 497 1442 muri,
527 1382 587 1425 ut
621 1391 738 1424 mos
773 1371 1174 1426 hieronicarum
1212 1382 1307 1425 est.
1344 1369 1515 1426 Simili
1550 1370 1714 1426 modo
1751 1371 1975 1426 Antium
1999 1414 2014 1441 ‚

325 1469 452 1524 inde
488 1467 795 1538 Albanum,
826 1469 950 1524 inde
980 1471 1228 1524 Romam.
1260 1468 1366 1524 Sed
1394 1480 1447 1524 et
1473 1472 1702 1524 Romam
1728 1489 1791 1524 eo
1819 1490 1983 1526 curru
2000 1513 2016 1538 ‚

326 1589 435 1644 quo
462 1569 736 1644 Augustus
760 1567 889 1624 olim
913 1569 1370 1645 triumphaverat,
1400 1581 1454 1623 et
1476 1569 1532 1622 in
1555 1579 1700 1623 veste
1720 1587 2017 1644 purpurea,

327 1667 683 1742 distinctaque
706 1661 871 1722 stellis
901 1668 1078 1723 aureis
1111 1665 1421 1743 chlamyde,
1450 1687 1816 1742 coronamque
1842 1651 2017 1743 capite

325 1786 515 1841 gerens
567 1765 956 1842 olympiacam,
995 1766 1183 1822 dextra
1227 1786 1390 1821 manu
1435 1766 1707 1842 pythiam,
1747 1778 2018 1842 praeeunte

325 1884 528 1940 pompa
568 1876 866 1920 ceterarum
907 1885 1032 1920 cum
1078 1864 1278 1935 titulis,
1313 1888 1340 1916 ιε
1361 1864 1486 1934 ubi,
1507 1888 1533 1915 »
1565 1876 1619 1920 et
1651 1885 1831 1940 «quos
1850 1908 1864 1937 ,
1910 1886 2018 1940 quo

330 1964 643 2020 cantionum
661 2006 676 2035 ,
702 1984 877 2038 quove
916 1962 1224 2020 fabularum
1258 1974 1578 2039 argumento
1609 1964 1854 2034 vicisset3
1877 1987 1904 2015 »
1934 1984 2017 2019 se·-

327 2061 617 2136 quentibus
663 2082 882 2117 currum
926 2063 1206 2117 ovantium
1239 2062 1348 2117 ritu
1379 2061 1721 2138 plausoribus
1740 2105 1755 2131 ‚
1787 2064 2019 2138 «Augu-

327 2159 563 2229 stian08‚
608 2158 907 2235 militesque
936 2181 991 2215 se
1037 2161 1312 2236 triumphi.
1347 2161 1492 2235 ejus,
1523 2184 1549 2211 ι)
1602 2159 2018 2215 clamitantibus

328 2258 569 2330 Dehinc,
597 2257 778 2314 diruto
820 2260 964 2315 Circi
998 2260 1217 2314 maximi
1255 2280 1383 2317 arcu
1406 2302 1420 2330 ,
1451 2279 1547 2335 per
1579 2258 1876 2316 Velabrum
1912 2262 2018 2315 Fo-

330 2375 559 2432 rumque
577 2399 591 2428 ,
625 2356 889 2413 Palatium
914 2369 968 2413 et
993 2357 1296 2434 Apollinem
1325 2359 1495 2434 petiit.
1520 2357 1798 2413 Incedenti
1822 2358 2022 2433 passim

330 2455 559 2510 victimae
596 2476 772 2528 caesae,
814 2477 998 2534 sparso
1043 2478 1139 2534 per
1178 2459 1292 2512 vias
1329 2456 1620 2510 identidem
1659 2476 1844 2528 croco,
1877 2458 2024 2533 inge-

332 2564 529 2629 staeque
565 2574 719 2625 aves,
750 2576 812 2610 ac
843 2554 1080 2610 lemnisci
1098 2597 1112 2624 ,
1146 2566 1198 2609 et
1224 2552 1462 2609 bellaria.
1492 2556 1681 2610 Sacras
1707 2575 1935 2611 coronas
1967 2557 2023 2611 in

333 2650 593 2705 cubiculis
623 2653 827 2707 circum
859 2652 1024 2708 lectos
1053 2653 1234 2728 posuit
1262 2674 1273 2707 :
1303 2654 1430 2708 item
1460 2665 1661 2708 statuas
1702 2674 1824 2710 suas
1856 2655 2024 2710 citha-

335 2746 535 2804 roedico
563 2749 782 2821 habitu3
810 2771 916 2826 qua
950 2764 1079 2806 nota
1119 2753 1281 2808 etiam
1316 2772 1603 2808 nummum
1631 2755 1910 2830 percussit.
1943 2755 2024 2810 Ac

334 2859 459 2921 post
481 2847 595 2902 haec
621 2859 834 2904 tantum
861 2850 1034 2906 abfuit
1053 2871 1085 2906 a
1106 2850 1431 2906 remittendo
1449 2850 1786 2929 laxandoque
1811 2853 1990 2908 studio
2006 2896 2021 2922 ,

336 2957 422 3018 ut,
467 2947 845 3003 conservandae
882 2949 1028 3004 vocis
1061 2951 1263 3025 gratia,
1295 2970 1475 3024 neque
1519 2950 1714 3006 milites
1751 2972 2021 3027 unquam,

336 3044 439 3099 nisi
493 3044 710 3116 absenS,
751 3046 844 3102 aut
889 3047 994 3104 alio
1037 3048 1199 3104 verba
1245 3050 1661 3124 pronunciante,
1703 3048 2020 3127 appellarit3

337 3162 510 3218 neque
543 3145 830 3221 quicquam
860 3147 998 3202 serio
1025 3147 1219 3222 jocove
1247 3149 1413 3223 egerit
1431 3150 1580 3220 ,nisi
1609 3149 1852 3205 adstante
1881 3149 2022 3224 pho-

340 3262 498 3298 nasco
519 3286 532 3312 ,
562 3245 655 3319 qui
684 3259 952 3316 moneret,
970 3258 1208 3322 parceret
1233 3249 1464 3321 arteriis,
1490 3270 1550 3305 ac
1570 3249 1844 3304 sudarium
1867 3247 1935 3303 ad
1962 3268 2019 3303 os
