2372 3918
957 267 1283 312 CLAUDIUS.
1885 271 1943 315 23
1958 289 1971 315 1

268 374 734 448 Καρχηὲονιακῶν,
762 372 952 428 diebus
979 372 1219 440 statutis,
1250 370 1394 427 velut
1430 373 1485 427 in
1513 373 1813 448 auditorio,
1847 381 1979 435 reci·

269 489 515 534 tarentur
539 477 640 533 toti
668 495 700 531 a
732 470 958 551 singulis
989 493 1086 549 per
1114 474 1274 529 viceS.

346 579 545 633 XLIII.
584 574 704 632 Sub
730 574 878 629 exitu
904 573 1055 644 vine,
1096 574 1248 650 signa
1279 570 1555 649 quaedam,
1588 594 1687 629 nec
1717 576 1976 648 obscura,

267 676 579 754 poenitentis
606 686 663 730 et
694 673 761 730 de
789 672 1142 730 matrimonio
1174 673 1515 750 Agrippinae,
1543 671 1720 751 deque
1744 677 1979 733 Neronis

265 778 586 854 adoptione,
615 773 858 831 dederat.
886 772 1195 849 Siquidem,
1228 774 1782 831 commemorantibus
1813 774 1969 831 liber-

266 877 334 933 tis
356 919 371 946 ,
410 897 474 933 ac
508 874 858 931 laudantibus
889 873 1289 950 cognitionem,
1318 893 1423 949 qua
1469 873 1645 949 pridie
1685 875 1978 951 quamdam

265 975 518 1033 adulterii
555 995 704 1032 ream
749 972 1244 1045 condemnaverat,
1293 998 1320 1026 ε(
1349 973 1451 1029 sibi
1499 994 1718 1051 quoque
1759 975 1813 1031 in
1859 976 1980 1033 fatis

264 1097 461 1147 esse,»
504 1076 764 1153 jactavit,
814 1074 1040 1130 «omnia
1085 1073 1393 1150 impudica,
1435 1073 1530 1130 sed
1564 1095 1675 1131 non
1709 1076 1981 1153 impunita

262 1177 627 1233 matrimonia.
660 1200 686 1228 »
741 1178 812 1231 Et
867 1173 1099 1231 subinde
1130 1175 1382 1231 obvium
1443 1174 1545 1231 sibi
1597 1175 1976 1233 Britannicum

263 1278 433 1334 artius
476 1275 819 1353 complexus,
868 1275 1121 1331 hortatus
1172 1287 1277 1346 est,
1327 1287 1435 1331 «ut
1469 1288 1764 1345 cresceret,
1816 1278 1981 1333 ratio-

266 1398 501 1454 nemque
527 1398 560 1433 a
585 1397 641 1433 se
669 1376 918 1433 omnium
947 1374 1220 1432 factorum
1256 1376 1525 1451 acciperet
1543 1395 1558 1447 ;
1577 1400 1603 1429 »ι
1635 1396 1808 1454 graeca
1841 1377 1983 1434 insu-

267 1499 363 1554 per
402 1497 534 1532 voce
569 1488 916 1553 prosecutUS,
964 1475 988 1535 ὅ
1031 1468 1232 1549 τρώσας
1278 1483 1365 1532 καὶ
1416 1468 1637 1533 ἰάσεται.
1687 1477 1984 1554 Quumque

267 1578 475 1655 impubi
513 1590 812 1653 teneroque
852 1576 1056 1648 adhuc,
1098 1576 1321 1653 quando
1367 1589 1569 1633 statura
1615 1577 1983 1653 permitteret,

264 1692 448 1754 togam
481 1677 611 1732 dare
654 1676 1000 1745 destinasset,
1052 1676 1292 1751 adjecit:
1329 1701 1355 1728 «
1385 1688 1445 1732 ut
1485 1675 1705 1732 tandem
1746 1676 1983 1754 populus

265 1796 525 1832 romanus
556 1795 745 1831 verum
777 1777 1047 1831 Caesarem
1077 1775 1290 1830 habeat.
1318 1799 1343 1826 n

343 1877 545 1933 XLIV.
576 1877 704 1933 Non
742 1874 1023 1951 multoque
1052 1887 1206 1953 post,
1236 1887 1626 1931 testamentum
1655 1877 1821 1932 etiam
1851 1897 1983 1933 con—

263 1976 505 2052 scripsit,
555 1996 620 2031 ac
678 1975 848 2052 signis
899 1976 1144 2031 omnium
1187 1976 1605 2053 magistratuum
1653 1975 1981 2054 obsignavit.

264 2077 423 2132 Prius
452 2075 646 2153 igitur,
681 2095 848 2151 quam
892 2074 1037 2131 ultra
1080 2074 1530 2153 progrederetur,
1565 2088 1872 2152 praeventus
1903 2090 1983 2133 est

265 2175 333 2230 ab
375 2176 706 2253 Agrippina,
753 2195 918 2251 quam
970 2187 1166 2252 praeter
1209 2175 1326 2232 haec
1361 2177 1692 2232 conscientia
1733 2197 1986 2253 quoque,

266 2296 365 2332 nec
390 2276 574 2332 minus
602 2274 873 2331 delatores
904 2274 1205 2332 multorum
1234 2276 1526 2332 criminum
1556 2277 1879 2354 arguebant.
1914 2281 1984 2334 Et

266 2395 477 2431 veneno
511 2374 733 2451 quidem
777 2376 1017 2431 occisum
1058 2376 1353 2431 convenit:
1398 2374 1490 2431 ubi
1535 2386 1749 2446 autem,
1793 2388 1848 2431 et
1891 2397 1989 2452 per

267 2496 428 2551 quem
455 2474 612 2547 dato,
641 2474 927 2551 discrepat.
958 2475 1200 2547 Quidam
1231 2473 1483 2546 tradunt,
1512 2473 1757 2552 epulanti
1784 2475 1838 2530 in
1865 2495 1989 2531 arce

267 2596 392 2632 cum
425 2575 803 2631 sacerdotibus
822 2617 837 2646 ,
868 2595 966 2651 per
997 2574 1260 2631 Halotum
1298 2575 1597 2652 spadonem
1629 2586 1987 2653 praegustato-

269 2696 414 2747 rem3
449 2673 569 2746 alii,
603 2673 904 2731 domestico
939 2654 1219 2748 conviviO,
1255 2696 1354 2753 per
1387 2676 1561 2753 ipsam
1592 2676 1986 2754 Agrippinam,

268 2795 388 2851 quae
438 2773 686 2831 boletum
741 2773 1072 2830 medicatum
1133 2775 1446 2832 avidissimo
1493 2776 1744 2832 ciborum
1793 2775 1985 2832 talium

267 2872 559 2930 obtulerat.
605 2874 783 2930 Etiam
827 2872 894 2929 de
937 2873 1394 2949 subsequentibus
1444 2874 1656 2932 diversa
1703 2875 1844 2931 fama
1889 2886 1983 2930 est.

267 2972 430 3030 Multi
462 2973 674 3045 statim,
714 2972 910 3029 hausto
939 2993 1178 3040 venen0‚
1206 2974 1544 3030 obmutuisse
1573 2976 1756 3041 aiunt,
1795 2994 1987 3029 excru-

268 3075 581 3149 ciatumque
617 3072 898 3129 doloribus
935 3085 1096 3129 nocte
1133 3085 1271 3144 tota,
1304 3072 1560 3131 defecisse
1592 3095 1763 3152 prope
1792 3073 1983 3129 lucem.

273 3169 536 3230 Nonnulli
574 3174 716 3228 inter
749 3174 903 3228 initia
937 3175 1313 3251 consopitum,
1351 3172 1545 3229 deiude
1578 3173 1701 3229 cibo
1733 3173 1989 3228 affluente

270 3273 571 3328 evomuisse
605 3273 818 3342 omnia,
858 3274 1258 3349 repetitumque
1297 3274 1496 3340 toxieO,
1534 3274 1827 3343 incertum,
1866 3272 1986 3348 pul·
